
Suffix,Effective Date,Transaction Description,Amount,Withheld,Balance

9 - CHECKING,04/17/2012,Purchase: KCO51181 KROGER 4925 JACKMAN RD TOLEDO OH Card: ****9706 04/17/2012,-17.17,0.00,3009.77
9 - CHECKING,04/16/2012,Purchase: 73103848 GAME ROOM TOLEDO OH Card: ****9706 04/15/2012,-53.38,0.00,3026.94
9 - CHECKING,04/16/2012,Withdrawal AES-STDNT LOAN ,-138.36,0.00,3080.32
9 - CHECKING,04/16/2012,Purchase: 99999999 PARTY CITY #609 TOLEDO OH Card: ****9706 04/14/2012,-27.79,0.00,3218.68
9 - CHECKING,04/13/2012,Deposit SYSTEMS IN MOTIO-DIRECT DEP ********8161Z7U,2042.20,0.00,3246.47
9 - CHECKING,04/09/2012,Deposit ,50.00,0.00,1204.27
9 - CHECKING,04/09/2012,Withdrawal THE STUDENT LOAN-SLPAYMENTS ,-120.58,0.00,1154.27
9 - CHECKING,04/09/2012,Purchase: 99999999 APL*APPLE ITUNES STORE 866-712-7753 CA Card: ****0544 04/07/2012,-2.11,0.00,1274.85
9 - CHECKING,04/08/2012,Purchase: 99999999 MCDONALDS F11263 SOUTHGATE MI Card: ****0544 04/06/2012,-6.95,0.00,1276.96
9 - CHECKING,04/06/2012,Transfer From ****3610-1 3 ~Float until next paycheck...~,1000.00,0.00,1283.91
9 - CHECKING,04/06/2012,Withdrawal SALLIE MAE-SLMA DEBIT ,-57.92,0.00,283.91
9 - CHECKING,04/05/2012,Purchase: 00521928 RITE AID CORP. 5765 SECOR ROAD TOLEDO OH Card: ****9706 04/05/2012,-8.59,0.00,341.83
9 - CHECKING,04/05/2012,Purchase: 06351949 PETCO ANIMAL SUPPLIES 5027 MONROE ST TOLEDO OH Card: ****0544 04/05/2012,-176.08,0.00,350.42
9 - CHECKING,04/05/2012,Withdrawal MICHIGAN GAS-ONLINE PMT ,-83.12,0.00,526.50
9 - CHECKING,04/05/2012,Deposit Toledo Firefight-BILL PMT PEXC#*****8959,241.00,0.00,609.62
9 - CHECKING,04/04/2012,Purchase: 010 PIZZA HUT 316603166204 LAMBERTVILLE MI Card: ****0544 04/03/2012,-26.50,0.00,368.62
9 - CHECKING,04/04/2012,Purchase: 30409097 USPS 255240014 8213 SECOR LAMBERTVILLE MI Card: ****9706 04/04/2012,-38.35,0.00,395.12
9 - CHECKING,04/04/2012,Purchase: 30409098 USPS 255240014 8213 SECOR LAMBERTVILLE MI Card: ****9706 04/04/2012,-18.04,0.00,433.47
9 - CHECKING,04/04/2012,Purchase: KC686400 KROGER 7405 SECOR RD LAMBERTVILLE MI Card: ****0544 04/04/2012,-25.88,0.00,451.51
9 - CHECKING,04/04/2012,Purchase: 99999999 GREAT CLIPS 8965 LAMBERTVILLE MI Card: ****9706 04/03/2012,-10.99,0.00,477.39
9 - CHECKING,04/04/2012,Purchase: 99999999 GOODWILL OF NW OHIO #2 TOLEDO OH Card: ****9706 04/03/2012,-19.22,0.00,488.38
9 - CHECKING,04/03/2012,Purchase: LK757257 KIDS STOP  THE TOLEDO OH Card: ****9706 04/03/2012,-30.69,0.00,507.60
9 - CHECKING,04/03/2012,Purchase: KCO86482 KROGER 3462 W.STERNS RD. LAMBERTVILLE MI Card: ****0544 04/03/2012,-13.95,0.00,538.29
9 - CHECKING,04/03/2012,Withdrawal ,-312.00,0.00,552.24
9 - CHECKING,04/03/2012,Deposit ,76.00,0.00,864.24
9 - CHECKING,04/03/2012,Purchase: 30409097 USPS 255240014 8213 SECOR LAMBERTVILLE MI Card: ****9706 04/03/2012,-27.27,0.00,788.24
9 - CHECKING,04/03/2012,Withdrawal PROG MARATHON-INS PREM ,-118.25,0.00,815.51
9 - CHECKING,04/03/2012,Withdrawal BP BRIAN KRABACH-BILL PMT ,-1150.00,0.00,933.76
9 - CHECKING,04/02/2012,Purchase: 00000057 THE HOME DEPOT 3848 1035 W ALEXIS RD TOLEDO OH Card: ****0544 04/02/2012,-31.93,0.00,2083.76
9 - CHECKING,04/02/2012,Withdrawal LARSEN BILLING S-ACH ,-200.00,0.00,2115.69
9 - CHECKING,04/02/2012,Withdrawal BP DEBBIE KRABAC-BILL PMT ,-241.00,0.00,2315.69
9 - CHECKING,03/31/2012,Deposit Dividend APY 0.050% APYE 0.050% (03/01/2012 - 03/31/2012),0.15,0.00,2556.69
9 - CHECKING,03/31/2012,Purchase: LK126636 TIFFANYS PIZZA CO LAMBERTVILLE MI Card: ****0544 03/30/2012,-22.23,0.00,2556.54
9 - CHECKING,03/30/2012,Purchase: LK654855 SPEEDWAY 08610 TOL TOLEDO OH Card: ****0544 03/30/2012,-24.21,0.00,2578.77
9 - CHECKING,03/30/2012,Purchase: KCO86484 KROGER 3462 W.STERNS RD. LAMBERTVILLE MI Card: ****0544 03/30/2012,-29.37,0.00,2602.98
9 - CHECKING,03/30/2012,Purchase: 99999999 MCDONALDS M7335 OF LAMBERTVILLE MI Card: ****0544 03/29/2012,-8.98,0.00,2632.35
9 - CHECKING,03/30/2012,Withdrawal CHASE-EPAY ,-38.42,0.00,2641.33
9 - CHECKING,03/30/2012,Deposit SYSTEMS IN MOTIO-DIRECT DEP ********1245Z7U,2042.21,0.00,2679.75
9 - CHECKING,03/29/2012,Purchase: LK562519 LAMBERTVILLE D 8100 SECOR ROAD LAMBERTVILLE MI Card: ****0544 03/29/2012,-13.13,0.00,637.54
9 - CHECKING,03/28/2012,Purchase: KCO86481 KROGER 3462 W.STERNS RD. LAMBERTVILLE MI Card: ****0544 03/28/2012,-4.80,0.00,650.67
9 - CHECKING,03/28/2012,Withdrawal Check # 1644 Trace: 92965096,-100.00,0.00,655.47
9 - CHECKING,03/28/2012,Purchase: KCO86482 KROGER 3462 W.STERNS RD. LAMBERTVILLE MI Card: ****0544 03/28/2012,-4.09,0.00,755.47
9 - CHECKING,03/27/2012,Purchase: 99999999 PARTY CITY #609 TOLEDO OH Card: ****9706 03/26/2012,-76.06,0.00,759.56
9 - CHECKING,03/27/2012,Purchase: LK562519 LAMBERTVILLE D 8100 SECOR ROAD LAMBERTVILLE MI Card: ****0544 03/27/2012,-13.20,0.00,835.62
9 - CHECKING,03/27/2012,Purchase: 99999999 MCDONALDS M7335 OF LAMBERTVILLE MI Card: ****0544 03/25/2012,-3.79,0.00,848.82
9 - CHECKING,03/26/2012,Purchase: KCO86484 KROGER 3462 W.STERNS RD. LAMBERTVILLE MI Card: ****9706 03/26/2012,-11.27,0.00,852.61
9 - CHECKING,03/26/2012,Withdrawal AES-STDNT LOAN ,-52.47,0.00,863.88
9 - CHECKING,03/25/2012,Purchase: KC686400 KROGER 7405 SECOR RD LAMBERTVILLE MI Card: ****0544 03/25/2012,-41.84,0.00,916.35
9 - CHECKING,03/25/2012,Purchase: 00186890 TOYS R US 5820 ALEXIS ROAD TOLEDO OH Card: ****9706 03/25/2012,-87.47,0.00,958.19
9 - CHECKING,03/25/2012,Purchase: KCO86483 KROGER 3462 W.STERNS RD. LAMBERTVILLE MI Card: ****0544 03/25/2012,-8.00,0.00,1045.66
9 - CHECKING,03/24/2012,Purchase: LK562519 LAMBERTVILLE D 8100 SECOR ROAD LAMBERTVILLE MI Card: ****0544 03/24/2012,-3.16,0.00,1053.66
9 - CHECKING,03/24/2012,Purchase: KCO86406 KROGER 3462 W.STERNS RD. LAMBERTVILLE MI Card: ****9706 03/24/2012,-75.76,0.00,1056.82
9 - CHECKING,03/24/2012,Purchase: KC686400 KROGER 7405 SECOR RD LAMBERTVILLE MI Card: ****0544 03/24/2012,-24.86,0.00,1132.58
9 - CHECKING,03/23/2012,Purchase: 99999999 TANGACOM 435-688-9595 AZ Card: ****0544 03/23/2012,-18.98,0.00,1157.44
9 - CHECKING,03/22/2012,Purchase: KCO86486 KROGER 3462 W.STERNS RD. LAMBERTVILLE MI Card: ****0544 03/22/2012,-12.23,0.00,1176.42
9 - CHECKING,03/22/2012,Transfer To ****3610-1 5300,-13.80,0.00,1188.65
9 - CHECKING,03/22/2012,Purchase: 99999999 VIVINT RBS PROVO UT Card: ****0544 03/21/2012,-39.99,0.00,1202.45
9 - CHECKING,03/21/2012,Purchase: 010 PIZZA HUT 316603166204 LAMBERTVILLE MI Card: ****0544 03/20/2012,-10.60,0.00,1242.44
9 - CHECKING,03/21/2012,Purchase: 99999999 NETFLIX.COM NETFLIX.COM CA Card: ****0544 03/21/2012,-7.99,0.00,1253.04
9 - CHECKING,03/21/2012,Purchase: KC686400 KROGER 7405 SECOR RD LAMBERTVILLE MI Card: ****0544 03/21/2012,-23.92,0.00,1261.03
9 - CHECKING,03/21/2012,Withdrawal BP SOUTH CENTRAL-BILL PMT ,-104.38,0.00,1284.95
9 - CHECKING,03/20/2012,Purchase: 00000001 GOODWILL INDUSTRIES OF ADRIAN MI Card: ****9706 03/19/2012,-18.23,0.00,1389.33
9 - CHECKING,03/20/2012,Purchase: KCO86481 KROGER 3462 W.STERNS RD. LAMBERTVILLE MI Card: ****0544 03/20/2012,-4.04,0.00,1407.56
9 - CHECKING,03/20/2012,Purchase: 24547201 WAL-MART #5472 7000 EAST MICHIGAN SALINE MI Card: ****0544 03/20/2012,-3.16,0.00,1411.60
9 - CHECKING,03/20/2012,Withdrawal Check # 1643 Trace: 92990508,-8857.89,0.00,1414.76
9 - CHECKING,03/20/2012,Withdrawal CONSUMERS ENERGY-ENERGYBILL ,-189.00,0.00,10272.65
9 - CHECKING,03/19/2012,Purchase: 06220078 TARGET T0622 TOLED Toledo OH Card: ****9706 03/19/2012,-78.68,0.00,10461.65
9 - CHECKING,03/19/2012,Purchase: 0059 ATTM *188006145717 08003310500 TX Card: ****0544 03/18/2012,-142.01,0.00,10540.33
9 - CHECKING,03/19/2012,Purchase: KC686400 KROGER 7405 SECOR RD LAMBERTVILLE MI Card: ****0544 03/19/2012,-23.83,0.00,10682.34
9 - CHECKING,03/19/2012,Purchase: 99999999 BUCKEYE CABLESYSTEM 419-724-9800 OH Card: ****0544 03/17/2012,-101.14,0.00,10706.17
9 - CHECKING,03/18/2012,Purchase: KCO86403 KROGER 3462 W.STERNS RD. LAMBERTVILLE MI Card: ****9706 03/18/2012,-8.00,0.00,10807.31
9 - CHECKING,03/17/2012,Purchase: KCO86405 KROGER 3462 W.STERNS RD. LAMBERTVILLE MI Card: ****9706 03/17/2012,-65.08,0.00,10815.31
9 - CHECKING,03/17/2012,Purchase: LK126636 TIFFANYS PIZZA CO LAMBERTVILLE MI Card: ****0544 03/16/2012,-14.82,0.00,10880.39
9 - CHECKING,03/16/2012,Purchase: KCO86403 KROGER 3462 W.STERNS RD. LAMBERTVILLE MI Card: ****0544 03/16/2012,-9.07,0.00,10895.21
9 - CHECKING,03/16/2012,Purchase: KCO86483 KROGER 3462 W.STERNS RD. LAMBERTVILLE MI Card: ****0544 03/16/2012,-5.00,0.00,10904.28
9 - CHECKING,03/15/2012,Purchase: 99999999 MCDONALDS F13841 ANN ARBOR MI Card: ****0544 03/14/2012,-6.14,0.00,10909.28
9 - CHECKING,03/15/2012,Withdrawal AES-STDNT LOAN ,-138.36,0.00,10915.42
9 - CHECKING,03/15/2012,Deposit SYSTEMS IN MOTIO-DIRECT DEP ********6951Z7U,2042.20,0.00,11053.78
9 - CHECKING,03/15/2012,Purchase: 99999999 MCDONALDS F13841 ANN ARBOR MI Card: ****0544 03/13/2012,-6.14,0.00,9011.58
9 - CHECKING,03/14/2012,Purchase: KC686400 KROGER 7405 SECOR RD LAMBERTVILLE MI Card: ****0544 03/14/2012,-22.05,0.00,9017.72
9 - CHECKING,03/14/2012,Purchase: 99999999 MCDONALDS F13841 ANN ARBOR MI Card: ****0544 03/12/2012,-6.14,0.00,9039.77
9 - CHECKING,03/13/2012,Withdrawal Check # 1642 Trace: 90877084,-1150.00,0.00,9045.91
9 - CHECKING,03/13/2012,Deposit ,8788.69,0.00,10195.91
9 - CHECKING,03/13/2012,Withdrawal CHASE-EPAY ,-733.27,0.00,1407.22
9 - CHECKING,03/12/2012,Transfer To ****3610-1 5300,-2.00,0.00,2140.49
9 - CHECKING,03/12/2012,Transfer From ****3610-1 3,800.00,0.00,2142.49
9 - CHECKING,03/12/2012,Purchase: KC686400 KROGER 7405 SECOR RD LAMBERTVILLE MI Card: ****0544 03/12/2012,-23.99,0.00,1342.49
9 - CHECKING,03/12/2012,Purchase: 99999999 KROGER FUEL #6810 TOLEDO OH Card: ****9706 03/10/2012,-70.00,0.00,1366.48
9 - CHECKING,03/11/2012,Purchase: KCO81001 KROGER 833 ALEXIS RD TOLEDO OH Card: ****9706 03/11/2012,-15.72,0.00,1436.48
9 - CHECKING,03/11/2012,Purchase: 06220080 TARGET T0622 TOLED Toledo OH Card: ****9706 03/11/2012,-12.27,0.00,1452.20
9 - CHECKING,03/11/2012,Purchase: KCO86408 KROGER 3462 W.STERNS RD. LAMBERTVILLE MI Card: ****9706 03/11/2012,-22.80,0.00,1464.47
9 - CHECKING,03/10/2012,Purchase: 00000008 THE HOME DEPOT 3848 1035 W ALEXIS RD TOLEDO OH Card: ****9706 03/10/2012,-42.20,0.00,1487.27
9 - CHECKING,03/10/2012,Purchase: 00521928 RITE AID CORP. 5765 SECOR ROAD TOLEDO OH Card: ****9706 03/10/2012,-7.24,0.00,1529.47
9 - CHECKING,03/10/2012,Purchase: 00000001 WOOT.COM SERVICE@WOOT. TX Card: ****0544 03/09/2012,-34.97,0.00,1536.71
9 - CHECKING,03/07/2012,Purchase: 01102203 MEIJER INC 118 1500 E. ALEXIS RD TOLEDO OH Card: ****9706 03/07/2012,-42.69,0.00,1571.68
9 - CHECKING,03/07/2012,Purchase: 01102203 MEIJER INC 118 1500 E. ALEXIS RD TOLEDO OH Card: ****9706 03/07/2012,-193.84,0.00,1614.37
9 - CHECKING,03/07/2012,Purchase: KCO86405 KROGER 3462 W.STERNS RD. LAMBERTVILLE MI Card: ****9706 03/07/2012,-100.88,0.00,1808.21
9 - CHECKING,03/07/2012,Purchase: 50300019 Wal-Mart Super Center 5030 WAL-SAMS TOLEDO OH Card: ****9706 03/07/2012,-29.39,0.00,1909.09
9 - CHECKING,03/07/2012,Purchase: KC686400 KROGER 7405 SECOR RD LAMBERTVILLE MI Card: ****0544 03/07/2012,-22.24,0.00,1938.48
9 - CHECKING,03/07/2012,Withdrawal THE STUDENT LOAN-SLPAYMENTS ,-120.58,0.00,1960.72
9 - CHECKING,03/07/2012,Withdrawal MICHIGAN GAS-ONLINE PMT ,-126.00,0.00,2081.30
9 - CHECKING,03/06/2012,Purchase: KCO86486 KROGER 3462 W.STERNS RD. LAMBERTVILLE MI Card: ****0544 03/06/2012,-4.21,0.00,2207.30
9 - CHECKING,03/06/2012,Withdrawal SALLIE MAE-SLMA DEBIT ,-57.92,0.00,2211.51
9 - CHECKING,03/06/2012,Purchase: 29283001 GODADDY.COM 480-5058855 AZ Card: ****0544 03/05/2012,-18.66,0.00,2269.43
9 - CHECKING,03/05/2012,Purchase: KCO86484 KROGER 3462 W.STERNS RD. LAMBERTVILLE MI Card: ****0544 03/05/2012,-5.29,0.00,2288.09
9 - CHECKING,03/05/2012,Purchase: KC686400 KROGER 7405 SECOR RD LAMBERTVILLE MI Card: ****0544 03/05/2012,-23.42,0.00,2293.38
9 - CHECKING,03/04/2012,Purchase: KCO86404 KROGER 3462 W.STERNS RD. LAMBERTVILLE MI Card: ****0544 03/04/2012,-8.00,0.00,2316.80
9 - CHECKING,03/03/2012,Purchase: KCO86483 KROGER 3462 W.STERNS RD. LAMBERTVILLE MI Card: ****0544 03/03/2012,-4.88,0.00,2324.80
9 - CHECKING,03/03/2012,Purchase: LK126636 TIFFANYS PIZZA CO LAMBERTVILLE MI Card: ****0544 03/02/2012,-14.82,0.00,2329.68
9 - CHECKING,03/02/2012,Purchase: 010 PIZZA HUT 316603166204 LAMBERTVILLE MI Card: ****0544 03/01/2012,-11.66,0.00,2344.50
9 - CHECKING,03/02/2012,Purchase: KCO86404 KROGER 3462 W.STERNS RD. LAMBERTVILLE MI Card: ****9706 03/02/2012,-21.06,0.00,2356.16
9 - CHECKING,03/02/2012,Withdrawal PROG MARATHON-INS PREM ,-118.29,0.00,2377.22
9 - CHECKING,03/01/2012,Purchase: KC686400 KROGER 7405 SECOR RD LAMBERTVILLE MI Card: ****0544 03/01/2012,-25.23,0.00,2495.51
9 - CHECKING,03/01/2012,Withdrawal WELLS FARGO DLR-FEE & PMTS ,-503.52,0.00,2520.74
9 - CHECKING,03/01/2012,Withdrawal LARSEN BILLING S-ACH ,-200.00,0.00,3024.26
9 - CHECKING,03/01/2012,Purchase: 99999999 Sweet Cheeks Modern Na SYLVANIA OH Card: ****9706 02/28/2012,-10.38,0.00,3224.26
9 - CHECKING,02/29/2012,Deposit Dividend APY 0.050% APYE 0.050% (02/01/2012 - 02/29/2012),0.07,0.00,3234.64
9 - CHECKING,02/29/2012,Purchase: 8291 LEARNING EXPRESS #11 SYLVANIA OH Card: ****9706 02/28/2012,-31.95,0.00,3234.57
9 - CHECKING,02/29/2012,Deposit SYSTEMS IN MOTIO-DIRECT DEP ********3013Z7U,2042.21,0.00,3266.52
9 - CHECKING,02/28/2012,Withdrawal Check # 1641 Trace: 91179146,-10.00,0.00,1224.31
9 - CHECKING,02/28/2012,Withdrawal Check # 1637 Trace: 91687966,-5.00,0.00,1234.31
9 - CHECKING,02/28/2012,Purchase: KCO86484 KROGER 3462 W.STERNS RD. LAMBERTVILLE MI Card: ****9706 02/28/2012,-16.72,0.00,1239.31
9 - CHECKING,02/28/2012,Purchase: 99999999 MCDONALDS F13841 ANN ARBOR MI Card: ****0544 02/27/2012,-4.85,0.00,1256.03
9 - CHECKING,02/27/2012,Withdrawal Check # 1640 Trace: 90798574,-259.33,0.00,1260.88
9 - CHECKING,02/27/2012,Purchase: KC686400 KROGER 7405 SECOR RD LAMBERTVILLE MI Card: ****0544 02/27/2012,-22.14,0.00,1520.21
9 - CHECKING,02/27/2012,Withdrawal AES-STDNT LOAN ,-52.47,0.00,1542.35
9 - CHECKING,02/27/2012,Purchase: 010 PIZZA HUT 316603166204 LAMBERTVILLE MI Card: ****0544 02/25/2012,-16.78,0.00,1594.82
9 - CHECKING,02/26/2012,Purchase: KCO86481 KROGER 3462 W.STERNS RD. LAMBERTVILLE MI Card: ****0544 02/26/2012,-5.12,0.00,1611.60
9 - CHECKING,02/26/2012,Purchase: KCO86481 KROGER 3462 W.STERNS RD. LAMBERTVILLE MI Card: ****0544 02/26/2012,-8.00,0.00,1616.72
9 - CHECKING,02/25/2012,Purchase: KCO51185 KROGER 4925 JACKMAN RD TOLEDO OH Card: ****0544 02/25/2012,-30.00,0.00,1624.72
9 - CHECKING,02/25/2012,Purchase: 99999999 RAVE CINEMAS 43606 TOLEDO OH Card: ****0544 02/24/2012,-11.75,0.00,1654.72
9 - CHECKING,02/25/2012,Purchase: 99999999 RAVE CINEMAS 43606 TOLEDO OH Card: ****0544 02/24/2012,-16.00,0.00,1666.47
9 - CHECKING,02/25/2012,Purchase: 99999999 LEWIS ANIMAL HOSPITAL TOLEDO OH Card: ****9706 02/24/2012,-157.00,0.00,1682.47
9 - CHECKING,02/24/2012,Purchase: 00000001 ULTA 3 5001 MONROE ST UNI TOLEDO OH Card: ****9706 02/24/2012,-1.68,0.00,1839.47
9 - CHECKING,02/24/2012,Purchase: 00175402 TOYS R US 5025 MONROE ST TOLEDO OH Card: ****9706 02/24/2012,-9.59,0.00,1841.15
9 - CHECKING,02/24/2012,Withdrawal Check # 1639 Trace: 90405012,-9.75,0.00,1850.74
9 - CHECKING,02/24/2012,Withdrawal Check # 1638 Trace: 90405010,-8.62,0.00,1860.49
9 - CHECKING,02/24/2012,Purchase: KCO95781 KROGER 4533 MONROE ST. TOLEDO OH Card: ****0544 02/24/2012,-10.63,0.00,1869.11
9 - CHECKING,02/24/2012,Purchase: 99999999 MCDONALDS F13841 ANN ARBOR MI Card: ****0544 02/23/2012,-4.85,0.00,1879.74
9 - CHECKING,02/23/2012,Purchase: KCO86403 KROGER 3462 W.STERNS RD. LAMBERTVILLE MI Card: ****9706 02/23/2012,-16.40,0.00,1884.59
9 - CHECKING,02/23/2012,Purchase: 99999999 MCDONALDS F7010 ANN ARBOR MI Card: ****0544 02/22/2012,-3.79,0.00,1900.99
9 - CHECKING,02/23/2012,Deposit PAYPAL-TRANSFER 49KJ25MSJM9KQ,353.93,0.00,1904.78
9 - CHECKING,02/22/2012,Purchase: KC686400 KROGER 7405 SECOR RD LAMBERTVILLE MI Card: ****0544 02/22/2012,-22.04,0.00,1550.85
9 - CHECKING,02/22/2012,Withdrawal CONSUMERS ENERGY-ENERGYBILL ,-189.00,0.00,1572.89
9 - CHECKING,02/22/2012,Withdrawal BP SOUTH CENTRAL-BILL PMT ,-104.38,0.00,1761.89
9 - CHECKING,02/22/2012,Purchase: 99999999 VIVINT RBS PROVO UT Card: ****0544 02/21/2012,-39.99,0.00,1866.27
9 - CHECKING,02/21/2012,Purchase: 99999999 NETFLIX.COM NETFLIX.COM CA Card: ****0544 02/21/2012,-7.99,0.00,1906.26
9 - CHECKING,02/21/2012,Purchase: 99999999 MCDONALDS F13841 ANN ARBOR MI Card: ****0544 02/20/2012,-3.79,0.00,1914.25
9 - CHECKING,02/21/2012,Transfer To ****3610-1 3,-1200.00,0.00,1918.04
9 - CHECKING,02/20/2012,Purchase: KC686400 KROGER 7405 SECOR RD LAMBERTVILLE MI Card: ****0544 02/20/2012,-20.98,0.00,3118.04
9 - CHECKING,02/20/2012,Purchase: 0059 ATTM *188006145717 08003310500 TX Card: ****0544 02/18/2012,-142.01,0.00,3139.02
9 - CHECKING,02/18/2012,Purchase: 79202002 MEIJER INC 118 1500 E. ALEXIS RD TOLEDO OH Card: ****9706 02/18/2012,-72.53,0.00,3281.03
9 - CHECKING,02/18/2012,Purchase: 79202002 MEIJER INC 118 1500 E. ALEXIS RD TOLEDO OH Card: ****9706 02/18/2012,-42.27,0.00,3353.56
9 - CHECKING,02/18/2012,Purchase: 06220076 TARGET T0622 TOLED Toledo OH Card: ****9706 02/18/2012,-29.29,0.00,3395.83
9 - CHECKING,02/18/2012,Purchase: LK126636 TIFFANYS PIZZA CO LAMBERTVILLE MI Card: ****0544 02/17/2012,-22.23,0.00,3425.12
9 - CHECKING,02/17/2012,Purchase: KCO86405 KROGER 3462 W.STERNS RD. LAMBERTVILLE MI Card: ****9706 02/17/2012,-144.56,0.00,3447.35
9 - CHECKING,02/17/2012,Purchase: KCO81081 KROGER 833 ALEXIS RD TOLEDO OH Card: ****9706 02/17/2012,-5.89,0.00,3591.91
9 - CHECKING,02/17/2012,Purchase: KCO81065 KROGER 833 ALEXIS RD TOLEDO OH Card: ****9706 02/17/2012,-20.00,0.00,3597.80
9 - CHECKING,02/17/2012,Purchase: 06220076 TARGET T0622 TOLED Toledo OH Card: ****9706 02/17/2012,-5.72,0.00,3617.80
9 - CHECKING,02/17/2012,Purchase: 5480 MSFT *XBOX LIVE 08003865550 WA Card: ****0544 02/16/2012,-9.99,0.00,3623.52
9 - CHECKING,02/15/2012,Purchase: 010 PIZZA HUT 316603166204 LAMBERTVILLE MI Card: ****0544 02/14/2012,-10.60,0.00,3633.51
9 - CHECKING,02/15/2012,Purchase: KC686400 KROGER 7405 SECOR RD LAMBERTVILLE MI Card: ****0544 02/15/2012,-21.84,0.00,3644.11
9 - CHECKING,02/15/2012,Withdrawal AES-STDNT LOAN ,-138.36,0.00,3665.95
9 - CHECKING,02/15/2012,Deposit SYSTEMS IN MOTIO-DIRECT DEP ********9039Z7U,1990.38,0.00,3804.31
9 - CHECKING,02/15/2012,Deposit SYSTEMS IN MOTIO-DIRECT DEP ********9040Z7U,1439.20,0.00,1813.93
9 - CHECKING,02/14/2012,Purchase: 99999999 APL*APPLE ITUNES STORE 866-712-7753 CA Card: ****0544 02/14/2012,-1.05,0.00,374.73
9 - CHECKING,02/14/2012,Purchase: KCO86405 KROGER 3462 W.STERNS RD. LAMBERTVILLE MI Card: ****9706 02/14/2012,-41.79,0.00,375.78
9 - CHECKING,02/14/2012,Withdrawal Check # 1636 Trace: 92873854,-1150.00,0.00,417.57
9 - CHECKING,02/14/2012,Purchase: KC686400 KROGER 7405 SECOR RD LAMBERTVILLE MI Card: ****0544 02/14/2012,-58.28,0.00,1567.57
9 - CHECKING,02/13/2012,Purchase: 001 CROSSROADS COMMUNITY C OTTAWA LAKE MI Card: ****0544 02/12/2012,-2.25,0.00,1625.85
9 - CHECKING,02/13/2012,Purchase: KCO86485 KROGER 3462 W.STERNS RD. LAMBERTVILLE MI Card: ****9706 02/13/2012,-11.46,0.00,1628.10
9 - CHECKING,02/13/2012,Purchase: W1080427 WALGREENS 7420 SECOR RD LAMBERTVILLE MI Card: ****9706 02/13/2012,-0.72,0.00,1639.56
9 - CHECKING,02/12/2012,Purchase: KCO86481 KROGER 3462 W.STERNS RD. LAMBERTVILLE MI Card: ****0544 02/12/2012,-8.00,0.00,1640.28
9 - CHECKING,02/11/2012,Purchase: 9732 HOMEOWNERS INSURANCE P 08665389094 MA Card: ****0544 02/10/2012,-188.85,0.00,1648.28
9 - CHECKING,02/10/2012,Purchase: 30409097 USPS 255240014 8213 SECOR LAMBERTVILLE MI Card: ****9706 02/10/2012,-37.96,0.00,1837.13
9 - CHECKING,02/10/2012,Purchase: 30409098 USPS 255240014 8213 SECOR LAMBERTVILLE MI Card: ****9706 02/10/2012,-3.49,0.00,1875.09
9 - CHECKING,02/10/2012,Deposit HALF.COM-PAYMENTS 1243A9040A53,11.14,0.00,1878.58
9 - CHECKING,02/08/2012,Transfer From ****3610-1 3 ~covers rent check until payday~,1150.00,0.00,1867.44
9 - CHECKING,02/08/2012,Purchase: 30409097 USPS 255240014 8213 SECOR LAMBERTVILLE MI Card: ****9706 02/08/2012,-11.19,0.00,717.44
9 - CHECKING,02/08/2012,Purchase: 30409097 USPS 255240014 8213 SECOR LAMBERTVILLE MI Card: ****9706 02/08/2012,-3.49,0.00,728.63
9 - CHECKING,02/08/2012,Purchase: 99999999 MCDONALDS F13841 ANN ARBOR MI Card: ****0544 02/07/2012,-2.73,0.00,732.12
9 - CHECKING,02/07/2012,Purchase: KC686400 KROGER 7405 SECOR RD LAMBERTVILLE MI Card: ****0544 02/07/2012,-22.37,0.00,734.85
9 - CHECKING,02/07/2012,Withdrawal THE STUDENT LOAN-SLPAYMENTS ,-120.58,0.00,757.22
9 - CHECKING,02/07/2012,Withdrawal MICHIGAN GAS-ONLINE PMT ,-137.53,0.00,877.80
9 - CHECKING,02/07/2012,Purchase: 097 USPS 38827201227802206 TOLEDO OH Card: ****9706 02/06/2012,-12.10,0.00,1015.33
9 - CHECKING,02/06/2012,Deposit ,161.88,0.00,1027.43
9 - CHECKING,02/06/2012,Withdrawal SALLIE MAE-SLMA DEBIT ,-57.92,0.00,865.55
9 - CHECKING,02/04/2012,Purchase: 00000057 THE HOME DEPOT 3848 1035 W ALEXIS RD TOLEDO OH Card: ****0544 02/04/2012,-37.54,0.00,923.47
9 - CHECKING,02/03/2012,Purchase: 098 USPS 25524001430409056 LAMBERTVILLE MI Card: ****9706 02/02/2012,-11.99,0.00,961.01
9 - CHECKING,02/02/2012,Purchase: KC686400 KROGER 7405 SECOR RD LAMBERTVILLE MI Card: ****0544 02/02/2012,-21.09,0.00,973.00
9 - CHECKING,02/02/2012,Withdrawal PROG MARATHON-INS PREM ,-118.68,0.00,994.09
9 - CHECKING,02/01/2012,Withdrawal ,-156.00,0.00,1112.77
9 - CHECKING,02/01/2012,Withdrawal LARSEN BILLING S-ACH ,-200.00,0.00,1268.77
9 - CHECKING,02/01/2012,Deposit HEARTLAND EMPLOY-DIR DEP *****6180,992.49,0.00,1468.77
9 - CHECKING,02/01/2012,Purchase: 0002 STATE PETRO INC ANN ARBOR MI Card: ****0544 01/30/2012,-22.64,0.00,476.28
9 - CHECKING,01/31/2012,Deposit Dividend APY 0.150% APYE 0.150% (01/01/2012 - 01/31/2012),0.18,0.00,498.92
9 - CHECKING,01/31/2012,Purchase: KCO86405 KROGER 3462 W.STERNS RD. LAMBERTVILLE MI Card: ****9706 01/31/2012,-100.68,0.00,498.74
9 - CHECKING,01/31/2012,Purchase: KCO81004 KROGER 833 ALEXIS RD TOLEDO OH Card: ****9706 01/31/2012,-42.47,0.00,599.42
9 - CHECKING,01/30/2012,Purchase: KCO86484 KROGER 3462 W.STERNS RD. LAMBERTVILLE MI Card: ****0544 01/30/2012,-5.88,0.00,641.89
9 - CHECKING,01/29/2012,Purchase: 010 PIZZA HUT 316603166204 LAMBERTVILLE MI Card: ****0544 01/27/2012,-61.48,0.00,647.77
9 - CHECKING,01/29/2012,Purchase: KCO86482 KROGER 3462 W.STERNS RD. LAMBERTVILLE MI Card: ****0544 01/29/2012,-9.48,0.00,709.25
9 - CHECKING,01/28/2012,Purchase: 00000003 MENARDS - TOLEDO N Toledo  OH 43 OH Card: ****0544 01/28/2012,-17.04,0.00,718.73
9 - CHECKING,01/27/2012,Purchase: KCO86482 KROGER 3462 W.STERNS RD. LAMBERTVILLE MI Card: ****0544 01/27/2012,-45.40,0.00,735.77
9 - CHECKING,01/26/2012,Purchase: KC686400 KROGER 7405 SECOR RD LAMBERTVILLE MI Card: ****0544 01/26/2012,-18.33,0.00,781.17
9 - CHECKING,01/25/2012,Withdrawal Check # 1631 Trace: 91960744,-653.45,0.00,799.50
9 - CHECKING,01/25/2012,Withdrawal Check # 1635 Trace: 91788702,-28.00,0.00,1452.95
9 - CHECKING,01/25/2012,Withdrawal AES-STDNT LOAN ,-52.47,0.00,1480.95
9 - CHECKING,01/24/2012,Purchase: 9719 MONOPRICE INC 09099896887 CA Card: ****0544 01/23/2012,-4.10,0.00,1533.42
9 - CHECKING,01/24/2012,Purchase: 30409098 USPS 255240014 8213 SECOR LAMBERTVILLE MI Card: ****9706 01/24/2012,-19.34,0.00,1537.52
9 - CHECKING,01/23/2012,Withdrawal BP SOUTH CENTRAL-BILL PMT ,-104.38,0.00,1556.86
9 - CHECKING,01/23/2012,Purchase: 99999999 VIVINT RBS PROVO UT Card: ****0544 01/20/2012,-39.99,0.00,1661.24
9 - CHECKING,01/23/2012,Purchase: 99999999 APL*APPLE ITUNES STORE 866-712-7753 CA Card: ****0544 01/22/2012,-10.59,0.00,1701.23
9 - CHECKING,01/22/2012,Purchase: 99999999 FAMILY VIDEO #160 TEMPERANCE MI Card: ****0544 01/21/2012,-2.80,0.00,1711.82
9 - CHECKING,01/22/2012,Purchase: KCO86484 KROGER 3462 W.STERNS RD. LAMBERTVILLE MI Card: ****0544 01/22/2012,-20.59,0.00,1714.62
9 - CHECKING,01/21/2012,Purchase: LK562519 LAMBERTVILLE D 8100 SECOR ROAD LAMBERTVILLE MI Card: ****0544 01/21/2012,-6.81,0.00,1735.21
9 - CHECKING,01/21/2012,Purchase: KCO86404 KROGER 3462 W.STERNS RD. LAMBERTVILLE MI Card: ****0544 01/21/2012,-60.95,0.00,1742.02
9 - CHECKING,01/21/2012,Purchase: 99999999 NFI*WWW.NETFLIX.COM/CC NETFLIX.COM CA Card: ****0544 01/21/2012,-7.99,0.00,1802.97
9 - CHECKING,01/21/2012,Purchase: LK126636 TIFFANYS PIZZA CO LAMBERTVILLE MI Card: ****0544 01/20/2012,-14.82,0.00,1810.96
9 - CHECKING,01/20/2012,Purchase: KCO86486 KROGER 3462 W.STERNS RD. LAMBERTVILLE MI Card: ****0544 01/20/2012,-41.52,0.00,1825.78
9 - CHECKING,01/20/2012,Purchase: KC686400 KROGER 7405 SECOR RD LAMBERTVILLE MI Card: ****0544 01/20/2012,-20.43,0.00,1867.30
9 - CHECKING,01/19/2012,Purchase: 30039393 EDDY BS TOLEDO OH Card: ****0544 01/18/2012,-8.94,0.00,1887.73
9 - CHECKING,01/19/2012,Withdrawal Check # 1633 Trace: 92651990,-60.00,0.00,1896.67
9 - CHECKING,01/19/2012,Purchase: 99999999 MCDONALDS M7335 OF LAMBERTVILLE MI Card: ****0544 01/18/2012,-6.44,0.00,1956.67
9 - CHECKING,01/19/2012,Purchase: 0059 ATTM *188006145717 08003310500 TX Card: ****0544 01/18/2012,-141.31,0.00,1963.11
9 - CHECKING,01/19/2012,Withdrawal CONSUMERS ENERGY-ENERGYBILL ,-189.00,0.00,2104.42
9 - CHECKING,01/18/2012,Withdrawal Check # 1629 Trace: 92269494,-1150.00,0.00,2293.42
9 - CHECKING,01/18/2012,Withdrawal Check # 1632 Trace: 92161296,-312.44,0.00,3443.42
9 - CHECKING,01/18/2012,Purchase: 06220076 TARGET T0622 TOLED Toledo OH Card: ****9706 01/18/2012,-26.63,0.00,3755.86
9 - CHECKING,01/18/2012,Deposit HEARTLAND EMPLOY-DIR DEP *****6180,1776.32,0.00,3782.49
9 - CHECKING,01/18/2012,Purchase: 99999999 KROGER FUEL #6864 LAMBERTVILLE MI Card: ****9706 01/17/2012,-59.04,0.00,2006.17
9 - CHECKING,01/17/2012,Purchase: 00521928 RITE AID CORP. 5765 SECOR ROAD TOLEDO OH Card: ****9706 01/17/2012,-30.36,0.00,2065.21
9 - CHECKING,01/17/2012,Purchase: KCO86484 KROGER 3462 W.STERNS RD. LAMBERTVILLE MI Card: ****9706 01/17/2012,-11.65,0.00,2095.57
9 - CHECKING,01/17/2012,Purchase Return: KCO86430 KROGER 3462 W.STERNS RD. LAMBERTVILLE MI Card: ****9706 01/17/2012,10.06,0.00,2107.22
9 - CHECKING,01/17/2012,Purchase: 30407398 USPS 259190018 8149 LEWIS AVE TEMPERANCE MI Card: ****9706 01/17/2012,-18.58,0.00,2097.16
9 - CHECKING,01/17/2012,Withdrawal AES-STDNT LOAN ,-138.36,0.00,2115.74
9 - CHECKING,01/16/2012,Purchase Return: 025 OREILLY AUTO 00022632 LAMBERTVILLE MI Card: ****0544 01/15/2012,31.27,0.00,2254.10
9 - CHECKING,01/16/2012,Purchase: KCO81086 KROGER 833 ALEXIS RD TOLEDO OH Card: ****0544 01/16/2012,-3.59,0.00,2222.83
9 - CHECKING,01/16/2012,Purchase: 99999999 MCDONALDS M7335 OF LAMBERTVILLE MI Card: ****0544 01/14/2012,-13.10,0.00,2226.42
9 - CHECKING,01/15/2012,Purchase: KCO86408 KROGER 3462 W.STERNS RD. LAMBERTVILLE MI Card: ****9706 01/15/2012,-118.90,0.00,2239.52
9 - CHECKING,01/15/2012,Purchase: 10 OREILLY AUTO PARTS 226 7460 SECOR ROAD LAMBERTVILLE MI Card: ****0544 01/15/2012,-33.91,0.00,2358.42
9 - CHECKING,01/15/2012,Purchase: KCO86486 KROGER 3462 W.STERNS RD. LAMBERTVILLE MI Card: ****0544 01/15/2012,-10.00,0.00,2392.33
9 - CHECKING,01/14/2012,Purchase: 24503001 WAL-MART #5030 5821 CENTRAL AVENU TOLEDO (NW) OH Card: ****9706 01/14/2012,-34.53,0.00,2402.33
9 - CHECKING,01/14/2012,Purchase: 06220079 TARGET T0622 TOLED Toledo OH Card: ****9706 01/14/2012,-8.64,0.00,2436.86
9 - CHECKING,01/14/2012,Purchase: KC686400 KROGER 7405 SECOR RD LAMBERTVILLE MI Card: ****0544 01/14/2012,-26.12,0.00,2445.50
9 - CHECKING,01/14/2012,Purchase: 00000059 THE HOME DEPOT 3848 1035 W ALEXIS RD TOLEDO OH Card: ****0544 01/14/2012,-26.90,0.00,2471.62
9 - CHECKING,01/14/2012,Purchase: 12 OREILLY AUTO PARTS 330 5737 LEWIS AVENUE TOLEDO OH Card: ****0544 01/14/2012,-184.81,0.00,2498.52
9 - CHECKING,01/13/2012,Transfer From ****3610-1 1,2000.00,0.00,2683.33
9 - CHECKING,01/13/2012,Purchase: 99999999 TAXACT *ONLINE 1 800-573-4287 IA Card: ****0544 01/13/2012,-3.00,0.00,683.33
9 - CHECKING,01/12/2012,Withdrawal Check # 1627 Trace: 90655460,-51.08,0.00,686.33
9 - CHECKING,01/12/2012,Purchase: 99999999 TAXACT *ONLINE 2 800-573-4287 IA Card: ****0544 01/12/2012,-12.95,0.00,737.41
9 - CHECKING,01/11/2012,Purchase: 10 OREILLY AUTO PARTS 226 7460 SECOR ROAD LAMBERTVILLE MI Card: ****0544 01/11/2012,-31.78,0.00,750.36
9 - CHECKING,01/11/2012,Withdrawal Check # 1628 Trace: 90067126,-60.00,0.00,782.14
9 - CHECKING,01/10/2012,Withdrawal Check # 1626 Trace: 92962862,-25.00,0.00,842.14
9 - CHECKING,01/10/2012,Purchase: 001 SUBWAY 00067991 TOLEDO OH Card: ****0544 01/09/2012,-5.00,0.00,867.14
9 - CHECKING,01/09/2012,Withdrawal Check # 1624 Trace: 92211662,-692.15,0.00,872.14
9 - CHECKING,01/09/2012,Withdrawal Check # 1625 Trace: 91878662,-49.35,0.00,1564.29
9 - CHECKING,01/09/2012,Withdrawal WELLS FARGO DLR-FEE & PMTS ,-261.76,0.00,1613.64
9 - CHECKING,01/09/2012,Withdrawal THE STUDENT LOAN-SLPAYMENTS ,-120.58,0.00,1875.40
9 - CHECKING,01/08/2012,Purchase: 0000 HIRES DENTAL CARE 4194756673 OH Card: ****0544 01/07/2012,-30.00,0.00,1995.98
9 - CHECKING,01/08/2012,Purchase: KCO86407 KROGER 3462 W.STERNS RD. LAMBERTVILLE MI Card: ****9706 01/08/2012,-46.86,0.00,2025.98
9 - CHECKING,01/07/2012,Purchase: KCO86482 KROGER 3462 W.STERNS RD. LAMBERTVILLE MI Card: ****0544 01/07/2012,-9.11,0.00,2072.84
9 - CHECKING,01/07/2012,Purchase: 001 SUBWAY 00067991 TOLEDO OH Card: ****0544 01/06/2012,-5.50,0.00,2081.95
9 - CHECKING,01/07/2012,Purchase: LK126636 TIFFANYS PIZZA CO LAMBERTVILLE MI Card: ****0544 01/06/2012,-13.76,0.00,2087.45
9 - CHECKING,01/07/2012,Purchase: 99999999 MCDONALDS M2089 OF TOLEDO OH Card: ****0544 01/05/2012,-5.86,0.00,2101.21
9 - CHECKING,01/06/2012,Purchase: 01120001 OFFICE MAX 845 WEST ALEXIS TOLEDO OH Card: ****9706 01/06/2012,-6.60,0.00,2107.07
9 - CHECKING,01/06/2012,Purchase: KCO81005 KROGER 833 ALEXIS RD TOLEDO OH Card: ****9706 01/06/2012,-27.40,0.00,2113.67
9 - CHECKING,01/06/2012,Withdrawal SALLIE MAE-SLMA DEBIT ,-57.92,0.00,2141.07
9 - CHECKING,01/06/2012,Purchase: 098 USPS 25524001430409056 LAMBERTVILLE MI Card: ****9706 01/05/2012,-15.01,0.00,2198.99
9 - CHECKING,01/05/2012,Transfer From ****3610-1 1 ~provide monthly spending buffer~,1000.00,0.00,2214.00
9 - CHECKING,01/05/2012,Purchase: 001 SUBWAY 00067991 TOLEDO OH Card: ****0544 01/04/2012,-5.50,0.00,1214.00
9 - CHECKING,01/05/2012,Purchase: KCO81084 KROGER 833 ALEXIS RD TOLEDO OH Card: ****0544 01/05/2012,-14.41,0.00,1219.50
9 - CHECKING,01/05/2012,Withdrawal Check # 1621 Trace: 90886984,-194.07,0.00,1233.91
9 - CHECKING,01/05/2012,Purchase: 01120009 OFFICE MAX 845 WEST ALEXIS TOLEDO OH Card: ****0544 01/05/2012,-13.75,0.00,1427.98
9 - CHECKING,01/05/2012,Withdrawal MICHIGAN GAS-ONLINE PMT ,-89.33,0.00,1441.73
9 - CHECKING,01/04/2012,Purchase: KC651100 KROGER 4925 JACKMAN RD TOLEDO OH Card: ****0544 01/04/2012,-15.27,0.00,1531.06
9 - CHECKING,01/04/2012,Purchase: KCO81085 KROGER 833 ALEXIS RD TOLEDO OH Card: ****0544 01/04/2012,-40.49,0.00,1546.33
9 - CHECKING,01/04/2012,Withdrawal Check # 1622 Trace: 90490780,-8.75,0.00,1586.82
9 - CHECKING,01/04/2012,Purchase: 14755001 RADIO SHACK 821 W ALEXIS RD TOLEDO OH Card: ****0544 01/04/2012,-6.39,0.00,1595.57
9 - CHECKING,01/04/2012,Purchase: 99999999 MCDONALDS F10880 TOLEDO OH Card: ****0544 01/03/2012,-4.58,0.00,1601.96
9 - CHECKING,01/04/2012,Withdrawal PROG MARATHON-INS PREM ,-118.72,0.00,1606.54
9 - CHECKING,01/04/2012,Withdrawal LARSEN BILLING S-ACH ,-200.00,0.00,1725.26
9 - CHECKING,01/04/2012,Deposit HEARTLAND EMPLOY-DIR DEP *****6180,1776.34,0.00,1925.26
9 - CHECKING,01/03/2012,Purchase: 00000004 BEST BUY #243 4505 MONROE STREET TOLEDO OH Card: ****0544 01/03/2012,-53.36,0.00,148.92
9 - CHECKING,01/03/2012,Deposit ,102.99,0.00,202.28
9 - CHECKING,01/03/2012,Purchase: 9732 HOMEOWNERS INSURANCE P 08665389094 MA Card: ****0544 01/02/2012,-55.10,0.00,99.29
9 - CHECKING,01/02/2012,Purchase: 010 PIZZA HUT 316603166204 LAMBERTVILLE MI Card: ****0544 01/02/2012,-40.04,0.00,154.39
9 - CHECKING,01/02/2012,Purchase: 14755002 RADIO SHACK 821 W ALEXIS RD TOLEDO OH Card: ****0544 01/02/2012,-13.87,0.00,194.43
9 - CHECKING,01/01/2012,Purchase: 99999999 TIREMAN AUTO SVC CTR # TOLEDO OH Card: ****0544 12/31/2011,-357.54,0.00,208.30
9 - CHECKING,12/31/2011,Deposit Dividend APY 0.150% APYE 0.150% (12/01/2011 - 12/31/2011),0.12,0.00,565.84
9 - CHECKING,12/31/2011,Purchase: KCO51121 KROGER 4925 JACKMAN RD TOLEDO OH Card: ****9706 12/31/2011,-69.49,0.00,565.72
9 - CHECKING,12/30/2011,Purchase: 00000093 JCPENNEY STORE 0582 5001 MONROE ST TOLEDO OH Card: ****9706 12/30/2011,-5.74,0.00,635.21
9 - CHECKING,12/30/2011,Purchase: KCO81081 KROGER 833 ALEXIS RD TOLEDO OH Card: ****0544 12/30/2011,-58.82,0.00,640.95
9 - CHECKING,12/30/2011,Purchase: 99999999 MCDONALDS M7335 OF LAMBERTVILLE MI Card: ****0544 12/29/2011,-5.37,0.00,699.77
9 - CHECKING,12/29/2011,Purchase: LK654855 SPEEDWAY 08610 TOL TOLEDO OH Card: ****0544 12/29/2011,-59.26,0.00,705.14
9 - CHECKING,12/29/2011,Withdrawal Check # 1623 Trace: 91710098,-86.75,0.00,764.40
9 - CHECKING,12/29/2011,Purchase: 5480 MICROSOFT *XBOX LIVE 08003865550 WA Card: ****0544 12/28/2011,-99.99,0.00,851.15
9 - CHECKING,12/27/2011,Purchase: W0933727 WALGREENS 5815 SECOR RD TOLEDO OH Card: ****0544 12/27/2011,-8.57,0.00,951.14
9 - CHECKING,12/27/2011,Withdrawal AES-STDNT LOAN ,-52.47,0.00,959.71
9 - CHECKING,12/26/2011,Purchase: KCO95704 KROGER 4533 MONROE ST. TOLEDO OH Card: ****0544 12/26/2011,-16.09,0.00,1012.18
9 - CHECKING,12/26/2011,Purchase: 00000063 BEST BUY #243 4505 MONROE STREET TOLEDO OH Card: ****0544 12/26/2011,-20.88,0.00,1028.27
9 - CHECKING,12/26/2011,Purchase: 5480 MICROSOFT *XBOX LIVE 08003865550 WA Card: ****0544 12/25/2011,-19.99,0.00,1049.15
9 - CHECKING,12/23/2011,Purchase: 99999999 VIVINT RBS PROVO UT Card: ****0544 12/22/2011,-39.99,0.00,1069.14
9 - CHECKING,12/23/2011,Deposit ,460.86,0.00,1109.13
9 - CHECKING,12/22/2011,Purchase: KCO81081 KROGER 833 ALEXIS RD TOLEDO OH Card: ****0544 12/22/2011,-2.66,0.00,648.27
9 - CHECKING,12/22/2011,Withdrawal WELLS FARGO DLR-FEE & PMTS ,-261.76,0.00,650.93
9 - CHECKING,12/22/2011,Withdrawal CHASE-EPAY ,-406.63,0.00,912.69
9 - CHECKING,12/22/2011,Purchase: 99999999 TIM HORTONS#910872 MONROE MI Card: ****0544 12/21/2011,-3.99,0.00,1319.32
9 - CHECKING,12/21/2011,Purchase: 99999999 NFI*WWW.NETFLIX.COM/CC NETFLIX.COM CA Card: ****0544 12/21/2011,-7.99,0.00,1323.31
9 - CHECKING,12/21/2011,Purchase: KCO86481 KROGER 3462 W.STERNS RD. LAMBERTVILLE MI Card: ****0544 12/21/2011,-10.54,0.00,1331.30
9 - CHECKING,12/21/2011,Purchase: 001 LOWES #1659 1136 WEST ALEXIS R TOLEDO OH Card: ****0544 12/21/2011,-30.40,0.00,1341.84
9 - CHECKING,12/21/2011,Purchase: 00665855 JOANN STORES  INC. 4925 JACKMAN RD # TOLEDO OH Card: ****0544 12/21/2011,-13.43,0.00,1372.24
9 - CHECKING,12/21/2011,Transfer To ****3610-1 5300,-200.16,0.00,1385.67
9 - CHECKING,12/21/2011,Withdrawal BP SOUTH CENTRAL-BILL PMT ,-104.38,0.00,1585.83
9 - CHECKING,12/21/2011,Deposit HEARTLAND EMPLOY-DIR DEP *****6180,1781.48,0.00,1690.21
9 - CHECKING,12/20/2011,Withdrawal CONSUMERS ENERGY-ENERGYBILL ,-189.00,0.00,-91.27
9 - CHECKING,12/20/2011,Overdraft Transfer From ****3610-1 1,0.03,0.00,97.73
9 - CHECKING,12/20/2011,Overdraft Transfer From ****3610-1 5300,97.70,0.00,97.70
9 - CHECKING,12/19/2011,Purchase: 99999999 APL*APPLE ITUNES STORE 866-712-7753 CA Card: ****0544 12/19/2011,-1.05,0.00,0.00
9 - CHECKING,12/19/2011,Withdrawal Check # 1619 Trace: 91051552,-900.00,0.00,1.05
9 - CHECKING,12/19/2011,Overdraft Transfer From ****3610-1 5300,68.20,0.00,901.05
9 - CHECKING,12/19/2011,Purchase: 0059 ATTM *188006145717 08003310500 TX Card: ****0544 12/18/2011,-141.31,0.00,832.85
9 - CHECKING,12/19/2011,Purchase: 99999999 BUCKEYE CABLESYSTEM 419-724-9800 OH Card: ****0544 12/17/2011,-98.30,0.00,974.16
9 - CHECKING,12/17/2011,Purchase: 00633357 RITE AID CORP 7358 SECOR RD LAMBERTVILLE MI Card: ****9706 12/17/2011,-74.95,0.00,1072.46
9 - CHECKING,12/17/2011,Purchase: W1080431 WALGREENS 7420 SECOR RD LAMBERTSVILLE MI Card: ****9706 12/17/2011,-11.72,0.00,1147.41
9 - CHECKING,12/17/2011,Purchase: W1080431 WALGREENS 7420 SECOR RD LAMBERTSVILLE MI Card: ****9706 12/17/2011,-11.72,0.00,1159.13
9 - CHECKING,12/17/2011,Purchase: LK872183 TIFFANYS PIZZA CO LAMBERTVILLE MI Card: ****0544 12/16/2011,-13.76,0.00,1170.85
9 - CHECKING,12/16/2011,Purchase: KC681000 KROGER 841 W. ALEXIS TOLEDO OH Card: ****0544 12/16/2011,-18.81,0.00,1184.61
9 - CHECKING,12/15/2011,Withdrawal AES-STDNT LOAN ,-138.36,0.00,1203.42
9 - CHECKING,12/14/2011,Purchase: KCO81085 KROGER 833 ALEXIS RD TOLEDO OH Card: ****0544 12/14/2011,-20.41,0.00,1341.78
9 - CHECKING,12/14/2011,Purchase: LQ6 EXXONMOBIL 96144134 TECUMSEH MI Card: ****9706 12/13/2011,-5.77,0.00,1362.19
9 - CHECKING,12/13/2011,Withdrawal Check # 1618 Trace: 92416942,-50.00,0.00,1367.96
9 - CHECKING,12/13/2011,Purchase: 99999999 TOLEDO ZOOLOGICAL SOCI TOLEDO OH Card: ****9706 12/12/2011,-15.34,0.00,1417.96
9 - CHECKING,12/12/2011,Purchase: LK654855 SPEEDWAY 08610 TOL TOLEDO OH Card: ****9706 12/12/2011,-59.02,0.00,1433.30
9 - CHECKING,12/12/2011,Purchase: 001 SUBWAY 00103945 LAMBERTVILLE MI Card: ****0544 12/12/2011,-18.96,0.00,1492.32
9 - CHECKING,12/11/2011,Purchase: 010 PIZZA HUT 316603166204 LAMBERTVILLE MI Card: ****0544 12/09/2011,-18.02,0.00,1511.28
9 - CHECKING,12/11/2011,Purchase: 50300011 Wal-Mart Super Center 5030 WAL-SAMS TOLEDO OH Card: ****9706 12/11/2011,-170.71,0.00,1529.30
9 - CHECKING,12/11/2011,Purchase: KCO86405 KROGER 3462 W.STERNS RD. LAMBERTVILLE MI Card: ****9706 12/11/2011,-24.95,0.00,1700.01
9 - CHECKING,12/10/2011,Purchase: 001 LOWES #1659 1136 WEST ALEXIS R TOLEDO OH Card: ****0544 12/10/2011,-40.61,0.00,1724.96
9 - CHECKING,12/10/2011,Purchase: 00000056 THE HOME DEPOT 3848 1035 W ALEXIS RD TOLEDO OH Card: ****0544 12/10/2011,-47.39,0.00,1765.57
9 - CHECKING,12/09/2011,Purchase: KCO81081 KROGER 833 ALEXIS RD TOLEDO OH Card: ****0544 12/09/2011,-5.34,0.00,1812.96
9 - CHECKING,12/09/2011,Deposit HALF.COM-PAYMENTS 1190A3146A03,54.69,0.00,1818.30
9 - CHECKING,12/08/2011,Purchase: KCO81030 KROGER 833 ALEXIS RD TOLEDO OH Card: ****0544 12/08/2011,-8.80,0.00,1763.61
9 - CHECKING,12/08/2011,Purchase: KCO81082 KROGER 833 ALEXIS RD TOLEDO OH Card: ****0544 12/08/2011,-10.24,0.00,1772.41
9 - CHECKING,12/08/2011,Withdrawal Check # 1614 Trace: 90577222,-93.26,0.00,1782.65
9 - CHECKING,12/08/2011,Purchase: 6932 CIOLINO MARKET-TEMPERA TEMPERANCE MI Card: ****9706 12/07/2011,-13.16,0.00,1875.91
9 - CHECKING,12/08/2011,Purchase: 8586 LITTLE GREEN APPLE 17 LAMBERTVILLE MI Card: ****9706 12/07/2011,-63.51,0.00,1889.07
9 - CHECKING,12/07/2011,Purchase: KCO86406 KROGER 3462 W.STERNS RD. LAMBERTVILLE MI Card: ****9706 12/07/2011,-19.43,0.00,1952.58
9 - CHECKING,12/07/2011,Purchase: 00665855 JOANN STORES  INC. 4925 JACKMAN RD # TOLEDO OH Card: ****9706 12/07/2011,-55.87,0.00,1972.01
9 - CHECKING,12/07/2011,Withdrawal THE STUDENT LOAN-SLPAYMENTS ,-120.58,0.00,2027.88
9 - CHECKING,12/07/2011,Deposit HEARTLAND EMPLOY-DIR DEP *****6180,1781.48,0.00,2148.46
9 - CHECKING,12/06/2011,Withdrawal SALLIE MAE-SLMA DEBIT ,-57.92,0.00,366.98
9 - CHECKING,12/06/2011,Purchase: 025 OREILLY AUTO 00033043 TOLEDO OH Card: ****0544 12/05/2011,-5.33,0.00,424.90
9 - CHECKING,12/05/2011,Deposit ,100.00,0.00,430.23
9 - CHECKING,12/05/2011,Withdrawal MICHIGAN GAS-ONLINE PMT ,-60.46,0.00,330.23
9 - CHECKING,12/02/2011,Withdrawal PROG MARATHON-INS PREM ,-106.25,0.00,390.69
9 - CHECKING,12/01/2011,Purchase: 06220078 TARGET T0622 TOLED Toledo OH Card: ****9706 12/01/2011,-25.59,0.00,496.94
9 - CHECKING,12/01/2011,Purchase: 06220078 TARGET T0622 TOLED Toledo OH Card: ****9706 12/01/2011,-75.89,0.00,522.53
9 - CHECKING,12/01/2011,Purchase: 01120001 OFFICE MAX 845 WEST ALEXIS TOLEDO OH Card: ****9706 12/01/2011,-17.92,0.00,598.42
9 - CHECKING,12/01/2011,Purchase: 001 LOWES #1659 1136 WEST ALEXIS R TOLEDO OH Card: ****9706 12/01/2011,-12.75,0.00,616.34
9 - CHECKING,12/01/2011,Purchase: KCO81081 KROGER 833 ALEXIS RD TOLEDO OH Card: ****0544 12/01/2011,-14.81,0.00,629.09
9 - CHECKING,12/01/2011,Withdrawal Check # 1615 Trace: 90869654,-45.00,0.00,643.90
9 - CHECKING,12/01/2011,Withdrawal Check # 1617 Trace: 90869656,-28.00,0.00,688.90
9 - CHECKING,12/01/2011,Purchase: 99999999 MCDONALDS M2089 OF TOLEDO OH Card: ****0544 11/30/2011,-2.29,0.00,716.90
9 - CHECKING,12/01/2011,Purchase: 0001 THINKGEEK INC 08884335788 VA Card: ****0544 11/30/2011,-104.89,0.00,719.19
9 - CHECKING,12/01/2011,Withdrawal LARSEN BILLING S-ACH ,-200.00,0.00,824.08
9 - CHECKING,11/30/2011,Deposit Dividend APY 0.150% APYE 0.150% (11/01/2011 - 11/30/2011),0.16,0.00,1024.08
9 - CHECKING,11/30/2011,Purchase: 99999999 OFFICE DEPOT #1214 800-463-3768 GA Card: ****0544 11/29/2011,-100.69,0.00,1023.92
9 - CHECKING,11/30/2011,Purchase: 99999999 MCDONALDS M7335 OF LAMBERTVILLE MI Card: ****0544 11/29/2011,-18.06,0.00,1124.61
9 - CHECKING,11/29/2011,Purchase: 01120002 OFFICE MAX 845 WEST ALEXIS TOLEDO OH Card: ****0544 11/29/2011,-14.72,0.00,1142.67
9 - CHECKING,11/29/2011,Purchase: 001 LOWES #1659 1136 WEST ALEXIS R TOLEDO OH Card: ****0544 11/29/2011,-34.59,0.00,1157.39
9 - CHECKING,11/29/2011,Purchase: KCO81081 KROGER 833 ALEXIS RD TOLEDO OH Card: ****0544 11/29/2011,-19.57,0.00,1191.98
9 - CHECKING,11/29/2011,Withdrawal AES-STDNT LOAN ,-52.47,0.00,1211.55
9 - CHECKING,11/28/2011,Purchase: 06220080 TARGET T0622 TOLED Toledo OH Card: ****0544 11/28/2011,-12.27,0.00,1264.02
9 - CHECKING,11/28/2011,Purchase: 06220078 TARGET T0622 TOLED Toledo OH Card: ****9706 11/28/2011,-78.64,0.00,1276.29
9 - CHECKING,11/28/2011,Purchase: 30409098 USPS 255240014 8213 SECOR LAMBERTVILLE MI Card: ****9706 11/28/2011,-22.04,0.00,1354.93
9 - CHECKING,11/28/2011,Transfer To ****3610-1 5300,-65.96,0.00,1376.97
9 - CHECKING,11/27/2011,Purchase: KCO86484 KROGER 3462 W.STERNS RD. LAMBERTVILLE MI Card: ****0544 11/27/2011,-5.48,0.00,1442.93
9 - CHECKING,11/27/2011,Purchase: KCO86486 KROGER 3462 W.STERNS RD. LAMBERTVILLE MI Card: ****9706 11/27/2011,-8.00,0.00,1448.41
9 - CHECKING,11/26/2011,Purchase: LK562519 LAMBERTVILLE D 8100 SECOR ROAD LAMBERTVILLE MI Card: ****0544 11/26/2011,-1.79,0.00,1456.41
9 - CHECKING,11/25/2011,Purchase: KCO81081 KROGER 833 ALEXIS RD TOLEDO OH Card: ****0544 11/25/2011,-61.00,0.00,1458.20
9 - CHECKING,11/25/2011,Purchase: 14801411 MEIJER INC 118 1500 E. ALEXIS RD TOLEDO OH Card: ****9706 11/25/2011,-59.81,0.00,1519.20
9 - CHECKING,11/25/2011,Purchase: 00000001 MENARDS - TOLEDO N Toledo  OH 43 OH Card: ****9706 11/25/2011,-40.49,0.00,1579.01
9 - CHECKING,11/24/2011,Purchase: 50300004 Wal-Mart Super Center 5030 WAL-SAMS TOLEDO OH Card: ****9706 11/24/2011,-67.27,0.00,1619.50
9 - CHECKING,11/24/2011,Purchase: 99999999 MCDONALDS F10880 TOLEDO OH Card: ****0544 11/23/2011,-2.29,0.00,1686.77
9 - CHECKING,11/24/2011,Purchase: KCO86481 KROGER 3462 W.STERNS RD. LAMBERTVILLE MI Card: ****0544 11/24/2011,-7.92,0.00,1689.06
9 - CHECKING,11/23/2011,Purchase: KCO86466 KROGER 3462 W.STERNS RD. LAMBERTVILLE MI Card: ****0544 11/23/2011,-79.59,0.00,1696.98
9 - CHECKING,11/23/2011,Purchase: LK562519 LAMBERTVILLE D 8100 SECOR ROAD LAMBERTVILLE MI Card: ****0544 11/23/2011,-0.94,0.00,1776.57
9 - CHECKING,11/23/2011,Purchase: 001 LOWES #1659 1136 WEST ALEXIS R TOLEDO OH Card: ****0544 11/23/2011,-2.62,0.00,1777.51
9 - CHECKING,11/23/2011,Purchase: 99999999 BOB EVANS REST #0471 TOLEDO OH Card: ****0544 11/22/2011,-12.67,0.00,1780.13
9 - CHECKING,11/23/2011,Deposit HEARTLAND EMPLOY-DIR DEP *****6180,1781.50,0.00,1792.80
9 - CHECKING,11/22/2011,Purchase: LK757257 KIDS STOP  THE TOLEDO OH Card: ****9706 11/22/2011,-7.21,0.00,11.30
9 - CHECKING,11/22/2011,Purchase: 99999999 APL*APPLE ITUNES STORE 866-712-7753 CA Card: ****0544 11/22/2011,-7.41,0.00,18.51
9 - CHECKING,11/22/2011,Purchase: 99999999 VIVINT RBS PROVO UT Card: ****0544 11/21/2011,-39.99,0.00,25.92
9 - CHECKING,11/22/2011,Purchase: KCO86407 KROGER 3462 W.STERNS RD. LAMBERTVILLE MI Card: ****9706 11/22/2011,-176.12,0.00,65.91
9 - CHECKING,11/22/2011,Purchase: 010 PIZZA HUT 316603166204 LAMBERTVILLE MI Card: ****0544 11/21/2011,-12.72,0.00,242.03
9 - CHECKING,11/22/2011,Deposit ,64.04,0.00,254.75
9 - CHECKING,11/22/2011,Purchase: KC681000 KROGER 841 W. ALEXIS TOLEDO OH Card: ****0544 11/22/2011,-30.45,0.00,190.71
9 - CHECKING,11/22/2011,Withdrawal BP SOUTH CENTRAL-BILL PMT ,-104.38,0.00,221.16
9 - CHECKING,11/22/2011,Purchase: 9732 HOMEOWNERS INSURANCE P 08665389094 MA Card: ****0544 11/21/2011,-55.10,0.00,325.54
9 - CHECKING,11/21/2011,Purchase: 99999999 NFI*WWW.NETFLIX.COM/CC NETFLIX.COM CA Card: ****0544 11/21/2011,-7.99,0.00,380.64
9 - CHECKING,11/21/2011,Purchase: KCO86407 KROGER 3462 W.STERNS RD. LAMBERTVILLE MI Card: ****9706 11/21/2011,-128.03,0.00,388.63
9 - CHECKING,11/20/2011,Purchase: KCO86484 KROGER 3462 W.STERNS RD. LAMBERTVILLE MI Card: ****0544 11/20/2011,-2.99,0.00,516.66
9 - CHECKING,11/20/2011,Purchase: KCO86485 KROGER 3462 W.STERNS RD. LAMBERTVILLE MI Card: ****9706 11/20/2011,-15.80,0.00,519.65
9 - CHECKING,11/19/2011,Purchase: 11 OREILLY AUTO PARTS 226 7460 SECOR ROAD LAMBERTVILLE MI Card: ****0544 11/19/2011,-29.67,0.00,535.45
9 - CHECKING,11/19/2011,Purchase: 0059 ATTM *188006145717 08003310500 TX Card: ****0544 11/18/2011,-141.31,0.00,565.12
9 - CHECKING,11/19/2011,Purchase: LK872183 TIFFANYS PIZZA CO LAMBERTVILLE MI Card: ****0544 11/18/2011,-13.76,0.00,706.43
9 - CHECKING,11/19/2011,Purchase: LK855299 GO DOLLAR STORE LL LAMBERTVILLE MI Card: ****0544 11/18/2011,-5.30,0.00,720.19
9 - CHECKING,11/17/2011,Purchase: KCO81085 KROGER 833 ALEXIS RD TOLEDO OH Card: ****0544 11/17/2011,-40.66,0.00,725.49
9 - CHECKING,11/17/2011,Purchase: 99999999 COMPUTER DISCOUNT #000 TOLEDO OH Card: ****0544 11/16/2011,-26.69,0.00,766.15
9 - CHECKING,11/16/2011,Purchase: 010 PIZZA HUT 316603166204 LAMBERTVILLE MI Card: ****0544 11/15/2011,-13.78,0.00,792.84
9 - CHECKING,11/16/2011,Purchase: KCO51183 KROGER 4925 JACKMAN RD TOLEDO OH Card: ****0544 11/16/2011,-4.03,0.00,806.62
9 - CHECKING,11/16/2011,Withdrawal CONSUMERS ENERGY-ENERGYBILL ,-189.00,0.00,810.65
9 - CHECKING,11/16/2011,Purchase: 025 OREILLY AUTO 00033043 TOLEDO OH Card: ****9706 11/15/2011,-10.66,0.00,999.65
9 - CHECKING,11/15/2011,Purchase: 0001 EB *COUPON CLASS-SAVIN 8003508850 CA Card: ****9706 11/15/2011,-10.00,0.00,1010.31
9 - CHECKING,11/15/2011,Withdrawal AES-STDNT LOAN ,-138.36,0.00,1020.31
9 - CHECKING,11/14/2011,Withdrawal Check # 1613 Trace: 90360828,-1100.00,0.00,1158.67
9 - CHECKING,11/14/2011,Purchase: 06230079 TARGET T0623 TOLED Toledo OH Card: ****9706 11/14/2011,-23.55,0.00,2258.67
9 - CHECKING,11/14/2011,Purchase: 00182236 TOYS R US 1360 HOLLAND SYLVA TOLEDO OH Card: ****9706 11/14/2011,-28.81,0.00,2282.22
9 - CHECKING,11/14/2011,Purchase: 99999999 MCDONALDS M7335 OF LAMBERTVILLE MI Card: ****0544 11/13/2011,-8.56,0.00,2311.03
9 - CHECKING,11/14/2011,Purchase: 99999999 TIM HORTONS 10872 MONROE MI Card: ****0544 11/13/2011,-3.99,0.00,2319.59
9 - CHECKING,11/13/2011,Purchase: 99999999 KROGER FUEL #6864 LAMBERTVILLE MI Card: ****9706 11/12/2011,-49.00,0.00,2323.58
9 - CHECKING,11/13/2011,Purchase: KCO86481 KROGER 3462 W.STERNS RD. LAMBERTVILLE MI Card: ****0544 11/13/2011,-12.23,0.00,2372.58
9 - CHECKING,11/12/2011,Purchase: 001 LOWES #1659 1136 WEST ALEXIS R TOLEDO OH Card: ****0544 11/12/2011,-28.16,0.00,2384.81
9 - CHECKING,11/12/2011,Purchase: KCO86407 KROGER 3462 W.STERNS RD. LAMBERTVILLE MI Card: ****9706 11/12/2011,-31.71,0.00,2412.97
9 - CHECKING,11/12/2011,Purchase: 5480 MICROSOFT *XBOX LIVE 08003865550 WA Card: ****0544 11/11/2011,-4.99,0.00,2444.68
9 - CHECKING,11/11/2011,Purchase: 99999999 APL*APPLE ITUNES STORE 866-712-7753 CA Card: ****0544 11/11/2011,-2.10,0.00,2449.67
9 - CHECKING,11/10/2011,Purchase: KCO86407 KROGER 3462 W.STERNS RD. LAMBERTVILLE MI Card: ****9706 11/10/2011,-37.77,0.00,2451.77
9 - CHECKING,11/09/2011,Deposit HEARTLAND EMPLOY-DIR DEP *****6180,1781.48,0.00,2489.54
9 - CHECKING,11/08/2011,Withdrawal THE STUDENT LOAN-SLPAYMENTS ,-120.58,0.00,708.06
9 - CHECKING,11/08/2011,Purchase: 99999999 MCDONALDS M2089 OF TOLEDO OH Card: ****0544 11/06/2011,-12.26,0.00,828.64
9 - CHECKING,11/07/2011,Purchase: 99999999 FOCOCCIAS DELI TOLEDO OH Card: ****0544 11/07/2011,-2.67,0.00,840.90
9 - CHECKING,11/07/2011,Purchase: H1365001 FOOD TOWN 8926 LEWIS AVE TEMPERANCE MI Card: ****9706 11/07/2011,-5.79,0.00,843.57
9 - CHECKING,11/07/2011,Purchase: 06220074 TARGET T0622 TOLED Toledo OH Card: ****9706 11/07/2011,-44.44,0.00,849.36
9 - CHECKING,11/07/2011,Withdrawal SALLIE MAE-SLMA DEBIT ,-57.92,0.00,893.80
9 - CHECKING,11/07/2011,Withdrawal MICHIGAN GAS-ONLINE PMT ,-35.93,0.00,951.72
9 - CHECKING,11/07/2011,Purchase: LK872183 TIFFANYS PIZZA CO LAMBERTVILLE MI Card: ****0544 11/05/2011,-13.76,0.00,987.65
9 - CHECKING,11/06/2011,Purchase: 99999999 PARTY CITY #609 TOLEDO OH Card: ****9706 11/04/2011,-5.32,0.00,1001.41
9 - CHECKING,11/06/2011,Purchase: KCO86484 KROGER 3462 W.STERNS RD. LAMBERTVILLE MI Card: ****0544 11/06/2011,-13.17,0.00,1006.73
9 - CHECKING,11/06/2011,Purchase: 001 LOWES #1659 1136 WEST ALEXIS R TOLEDO OH Card: ****9706 11/06/2011,-29.80,0.00,1019.90
9 - CHECKING,11/06/2011,Purchase: KCO86484 KROGER 3462 W.STERNS RD. LAMBERTVILLE MI Card: ****0544 11/06/2011,-48.85,0.00,1049.70
9 - CHECKING,11/05/2011,Purchase: KCO86484 KROGER 3462 W.STERNS RD. LAMBERTVILLE MI Card: ****0544 11/05/2011,-8.74,0.00,1098.55
9 - CHECKING,11/05/2011,Purchase: LK872183 TIFFANYS PIZZA CO LAMBERTVILLE MI Card: ****0544 11/04/2011,-13.76,0.00,1107.29
9 - CHECKING,11/04/2011,Purchase: KCO86407 KROGER 3462 W.STERNS RD. LAMBERTVILLE MI Card: ****9706 11/04/2011,-59.26,0.00,1121.05
9 - CHECKING,11/04/2011,Withdrawal Check # 1612 Trace: 90665684,-105.00,0.00,1180.31
9 - CHECKING,11/04/2011,Purchase: KCO81081 KROGER 833 ALEXIS RD TOLEDO OH Card: ****0544 11/04/2011,-14.41,0.00,1285.31
9 - CHECKING,11/04/2011,Purchase: KCO86486 KROGER 3462 W.STERNS RD. LAMBERTVILLE MI Card: ****9706 11/04/2011,-10.00,0.00,1299.72
9 - CHECKING,11/03/2011,Purchase: KCO81085 KROGER 833 ALEXIS RD TOLEDO OH Card: ****0544 11/03/2011,-5.07,0.00,1309.72
9 - CHECKING,11/03/2011,Purchase: KC681000 KROGER 841 W. ALEXIS TOLEDO OH Card: ****0544 11/03/2011,-34.16,0.00,1314.79
9 - CHECKING,11/02/2011,Purchase: KCO81082 KROGER 833 ALEXIS RD TOLEDO OH Card: ****0544 11/02/2011,-12.15,0.00,1348.95
9 - CHECKING,11/02/2011,Purchase: 001 LOWES #1659 1136 WEST ALEXIS R TOLEDO OH Card: ****0544 11/02/2011,-32.86,0.00,1361.10
9 - CHECKING,11/02/2011,Purchase: 99999999 DRI*MICROSOFT HUP MINNETONKA MN Card: ****0544 11/01/2011,-9.95,0.00,1393.96
9 - CHECKING,11/02/2011,Withdrawal PROG MARATHON-INS PREM ,-106.25,0.00,1403.91
9 - CHECKING,11/02/2011,Withdrawal CHASE-EPAY ,-101.84,0.00,1510.16
9 - CHECKING,11/01/2011,Purchase: 99999999 APL*APPLE ITUNES STORE 866-712-7753 CA Card: ****0544 11/01/2011,-1.05,0.00,1612.00
9 - CHECKING,11/01/2011,Withdrawal Check # 1609 Trace: 92453020,-25.00,0.00,1613.05
9 - CHECKING,11/01/2011,Purchase: KCO81085 KROGER 833 ALEXIS RD TOLEDO OH Card: ****0544 11/01/2011,-14.67,0.00,1638.05
9 - CHECKING,11/01/2011,Withdrawal WELLS FARGO DLR-FEE & PMTS ,-241.76,0.00,1652.72
9 - CHECKING,11/01/2011,Withdrawal LARSEN BILLING S-ACH ,-200.00,0.00,1894.48
9 - CHECKING,10/31/2011,Deposit Dividend APY 0.150% APYE 0.150% (10/01/2011 - 10/31/2011),0.27,0.00,2094.48
9 - CHECKING,10/31/2011,Purchase: 99999999 MCDONALDS M7335 OF LAMBERTVILLE MI Card: ****0544 10/29/2011,-6.66,0.00,2094.21
9 - CHECKING,10/30/2011,Purchase: KCO86409 KROGER 3462 W.STERNS RD. LAMBERTVILLE MI Card: ****9706 10/30/2011,-9.50,0.00,2100.87
9 - CHECKING,10/29/2011,Purchase: LK855299 GO DOLLAR STORE LL LAMBERTVILLE MI Card: ****9706 10/28/2011,-30.68,0.00,2110.37
9 - CHECKING,10/28/2011,Purchase: KCO86407 KROGER 3462 W.STERNS RD. LAMBERTVILLE MI Card: ****9706 10/28/2011,-44.30,0.00,2141.05
9 - CHECKING,10/28/2011,Purchase: KCO81081 KROGER 833 ALEXIS RD TOLEDO OH Card: ****0544 10/28/2011,-2.00,0.00,2185.35
9 - CHECKING,10/27/2011,Purchase: 001 LOWES #1659 1136 WEST ALEXIS R TOLEDO OH Card: ****0544 10/27/2011,-13.53,0.00,2187.35
9 - CHECKING,10/27/2011,Purchase: 30409098 USPS 255240014 8213 SECOR LAMBERTVILLE MI Card: ****9706 10/27/2011,-17.79,0.00,2200.88
9 - CHECKING,10/26/2011,Purchase: KCO81005 KROGER 833 ALEXIS RD TOLEDO OH Card: ****9706 10/26/2011,-53.46,0.00,2218.67
9 - CHECKING,10/26/2011,Purchase: 01120001 OFFICE MAX 845 WEST ALEXIS TOLEDO OH Card: ****9706 10/26/2011,-16.93,0.00,2272.13
9 - CHECKING,10/26/2011,Purchase: LK562519 LAMBERTVILLE D 8100 SECOR ROAD LAMBERTVILLE MI Card: ****9706 10/26/2011,-33.25,0.00,2289.06
9 - CHECKING,10/26/2011,Purchase: KCO81082 KROGER 833 ALEXIS RD TOLEDO OH Card: ****0544 10/26/2011,-10.61,0.00,2322.31
9 - CHECKING,10/26/2011,Deposit HEARTLAND EMPLOY-DIR DEP *****6180,1781.49,0.00,2332.92
9 - CHECKING,10/25/2011,Withdrawal Check # 1611 Trace: 92757674,-1100.00,0.00,551.43
9 - CHECKING,10/25/2011,Withdrawal Check # 1608 Trace: 92970178,-19.63,0.00,1651.43
9 - CHECKING,10/25/2011,Transfer From ****3610-1 191,410.69,0.00,1671.06
9 - CHECKING,10/25/2011,Withdrawal AES-STDNT LOAN ,-52.47,0.00,1260.37
9 - CHECKING,10/24/2011,Purchase: 99999999 APL*APPLE ITUNES STORE 866-712-7753 CA Card: ****0544 10/24/2011,-1.05,0.00,1312.84
9 - CHECKING,10/24/2011,Purchase: 9732 HOMEOWNERS INSURANCE P 08665389094 MA Card: ****0544 10/22/2011,-55.10,0.00,1313.89
9 - CHECKING,10/23/2011,Purchase: KCO86407 KROGER 3462 W.STERNS RD. LAMBERTVILLE MI Card: ****9706 10/23/2011,-11.36,0.00,1368.99
9 - CHECKING,10/23/2011,Transfer From ****3610-1 4,222.21,0.00,1380.35
9 - CHECKING,10/22/2011,Purchase: 15 OREILLY AUTO PARTS 226 7460 SECOR ROAD LAMBERTVILLE MI Card: ****0544 10/22/2011,-21.19,0.00,1158.14
9 - CHECKING,10/22/2011,Purchase: 99999999 VIVINT RBS PROVO UT Card: ****0544 10/21/2011,-39.99,0.00,1179.33
9 - CHECKING,10/22/2011,Purchase: LK872183 TIFFANYS PIZZA CO LAMBERTVILLE MI Card: ****0544 10/21/2011,-13.76,0.00,1219.32
9 - CHECKING,10/22/2011,Purchase: 99999999 KROGER FUEL #6511 TOLEDO OH Card: ****9706 10/21/2011,-60.00,0.00,1233.08
9 - CHECKING,10/21/2011,Purchase: 99999999 NFI*WWW.NETFLIX.COM/CC NETFLIX.COM CA Card: ****0544 10/21/2011,-7.99,0.00,1293.08
9 - CHECKING,10/21/2011,Purchase: KCO81081 KROGER 833 ALEXIS RD TOLEDO OH Card: ****0544 10/21/2011,-7.21,0.00,1301.07
9 - CHECKING,10/21/2011,Withdrawal BP SOUTH CENTRAL-BILL PMT ,-104.38,0.00,1308.28
9 - CHECKING,10/20/2011,Purchase: 00186890 TOYS R US 5820 ALEXIS ROAD TOLEDO OH Card: ****9706 10/20/2011,-21.33,0.00,1412.66
9 - CHECKING,10/20/2011,Purchase: 30409098 USPS 255240014 8213 SECOR LAMBERTVILLE MI Card: ****9706 10/20/2011,-11.66,0.00,1433.99
9 - CHECKING,10/19/2011,Purchase: 0059 ATTM *188006145717 08003310500 TX Card: ****0544 10/18/2011,-141.11,0.00,1445.65
9 - CHECKING,10/18/2011,Purchase: 001 SUBWAY 00067991 TOLEDO OH Card: ****0544 10/17/2011,-5.50,0.00,1586.76
9 - CHECKING,10/18/2011,Withdrawal Check # 1606 Trace: 90527252,-66.68,0.00,1592.26
9 - CHECKING,10/18/2011,Purchase: KCO86404 KROGER 3462 W.STERNS RD. LAMBERTVILLE MI Card: ****9706 10/18/2011,-8.56,0.00,1658.94
9 - CHECKING,10/18/2011,Purchase: 30409097 USPS 255240014 8213 SECOR LAMBERTVILLE MI Card: ****9706 10/18/2011,-31.22,0.00,1667.50
9 - CHECKING,10/18/2011,Purchase: KCO81083 KROGER 833 ALEXIS RD TOLEDO OH Card: ****0544 10/18/2011,-3.40,0.00,1698.72
9 - CHECKING,10/18/2011,Withdrawal CONSUMERS ENERGY-ENERGYBILL ,-189.00,0.00,1702.12
9 - CHECKING,10/17/2011,Purchase: 30409097 USPS 255240014 8213 SECOR LAMBERTVILLE MI Card: ****9706 10/17/2011,-6.18,0.00,1891.12
9 - CHECKING,10/17/2011,Purchase: 30409098 USPS 255240014 8213 SECOR LAMBERTVILLE MI Card: ****9706 10/17/2011,-3.69,0.00,1897.30
9 - CHECKING,10/17/2011,Purchase: 30409098 USPS 255240014 8213 SECOR LAMBERTVILLE MI Card: ****9706 10/17/2011,-42.11,0.00,1900.99
9 - CHECKING,10/17/2011,Withdrawal AES-STDNT LOAN ,-138.36,0.00,1943.10
9 - CHECKING,10/16/2011,Purchase: 99999999 MCDONALDS M2089 OF TOLEDO OH Card: ****0544 10/14/2011,-2.58,0.00,2081.46
9 - CHECKING,10/16/2011,Purchase: KCO86405 KROGER 3462 W.STERNS RD. LAMBERTVILLE MI Card: ****9706 10/16/2011,-24.81,0.00,2084.04
9 - CHECKING,10/15/2011,Purchase: 33101110 MEIJER INC 118 1500 E. ALEXIS RD TOLEDO OH Card: ****9706 10/15/2011,-227.04,0.00,2108.85
9 - CHECKING,10/15/2011,Purchase: 16 OREILLY AUTO PARTS 330 5737 LEWIS AVENUE TOLEDO OH Card: ****0544 10/15/2011,-4.26,0.00,2335.89
9 - CHECKING,10/14/2011,Purchase: KCO86405 KROGER 3462 W.STERNS RD. LAMBERTVILLE MI Card: ****9706 10/14/2011,-23.31,0.00,2340.15
9 - CHECKING,10/14/2011,Withdrawal Check # 1607 Trace: 92354738,-68.90,0.00,2363.46
9 - CHECKING,10/14/2011,Purchase: KCO81085 KROGER 833 ALEXIS RD TOLEDO OH Card: ****0544 10/14/2011,-3.89,0.00,2432.36
9 - CHECKING,10/14/2011,Purchase: 6936 CIOLINO MARKET-TEMPERA TEMPERANCE MI Card: ****9706 10/13/2011,-13.89,0.00,2436.25
9 - CHECKING,10/13/2011,Purchase: 99999999 PARTY CITY #609 TOLEDO OH Card: ****9706 10/12/2011,-66.42,0.00,2450.14
9 - CHECKING,10/13/2011,Purchase: KCO81085 KROGER 833 ALEXIS RD TOLEDO OH Card: ****0544 10/13/2011,-11.61,0.00,2516.56
9 - CHECKING,10/13/2011,Withdrawal Check # 1604 Trace: 91871142,-382.15,0.00,2528.17
9 - CHECKING,10/13/2011,Withdrawal LARSEN BILLING S-ACH ,-200.00,0.00,2910.32
9 - CHECKING,10/12/2011,Withdrawal Check # 1605 Trace: 91387282,-1100.00,0.00,3110.32
9 - CHECKING,10/12/2011,Purchase: 001 LOWES #1659 1136 WEST ALEXIS R TOLEDO OH Card: ****0544 10/12/2011,-3.41,0.00,4210.32
9 - CHECKING,10/12/2011,Transfer To ****3610-1 5300,-7.91,0.00,4213.73
9 - CHECKING,10/12/2011,Deposit HEARTLAND EMPLOY-DIR DEP *****6180,1781.49,0.00,4221.64
9 - CHECKING,10/11/2011,Purchase: KCO81081 KROGER 833 ALEXIS RD TOLEDO OH Card: ****0544 10/11/2011,-5.11,0.00,2440.15
9 - CHECKING,10/11/2011,Purchase: 30409098 USPS 255240014 8213 SECOR LAMBERTVILLE MI Card: ****9706 10/11/2011,-15.02,0.00,2445.26
9 - CHECKING,10/11/2011,Purchase: 1590 MARCOS PIZZA TEMPERANCE MI Card: ****0544 10/10/2011,-27.49,0.00,2460.28
9 - CHECKING,10/09/2011,Purchase: 99999999 KROGER FUEL #6864 LAMBERTVILLE MI Card: ****9706 10/08/2011,-50.01,0.00,2487.77
9 - CHECKING,10/09/2011,Purchase: KCO51180 KROGER 4925 JACKMAN RD TOLEDO OH Card: ****0544 10/09/2011,-16.66,0.00,2537.78
9 - CHECKING,10/09/2011,Purchase: 00000068 BEST BUY #243 4505 MONROE STREET TOLEDO OH Card: ****0544 10/09/2011,-74.71,0.00,2554.44
9 - CHECKING,10/09/2011,Purchase: KCO86404 KROGER 3462 W.STERNS RD. LAMBERTVILLE MI Card: ****9706 10/09/2011,-12.36,0.00,2629.15
9 - CHECKING,10/08/2011,Transfer From ****3610-1 191,551.30,0.00,2641.51
9 - CHECKING,10/08/2011,Purchase: 30409097 USPS 255240014 8213 SECOR LAMBERTVILLE MI Card: ****9706 10/08/2011,-29.24,0.00,2090.21
9 - CHECKING,10/07/2011,Purchase: 73489645 SCHAADS SERVICE TOLEDO OH Card: ****0544 10/06/2011,-48.75,0.00,2119.45
9 - CHECKING,10/07/2011,Purchase: KCO86485 KROGER 3462 W.STERNS RD. LAMBERTVILLE MI Card: ****0544 10/07/2011,-28.53,0.00,2168.20
9 - CHECKING,10/07/2011,Purchase: KC686400 KROGER 7405 SECOR RD LAMBERTVILLE MI Card: ****0544 10/07/2011,-33.23,0.00,2196.73
9 - CHECKING,10/07/2011,Withdrawal THE STUDENT LOAN-SLPAYMENTS ,-120.58,0.00,2229.96
9 - CHECKING,10/07/2011,Withdrawal MICHIGAN GAS-ONLINE PMT ,-31.26,0.00,2350.54
9 - CHECKING,10/06/2011,Purchase: 001 LOWES #1659 1136 WEST ALEXIS R TOLEDO OH Card: ****0544 10/06/2011,-2.06,0.00,2381.80
9 - CHECKING,10/06/2011,Withdrawal SALLIE MAE-SLMA DEBIT ,-57.92,0.00,2383.86
9 - CHECKING,10/04/2011,Withdrawal Check # 1597 Trace: 91619926,-12.50,0.00,2441.78
9 - CHECKING,10/04/2011,Purchase: KCO86407 KROGER 3462 W.STERNS RD. LAMBERTVILLE MI Card: ****9706 10/04/2011,-42.61,0.00,2454.28
9 - CHECKING,10/04/2011,Purchase: 00665855 JOANN STORES  INC. 4925 JACKMAN RD # TOLEDO OH Card: ****9706 10/04/2011,-21.32,0.00,2496.89
9 - CHECKING,10/04/2011,Purchase: 001 LOWES #1659 1136 WEST ALEXIS R TOLEDO OH Card: ****9706 10/04/2011,-31.88,0.00,2518.21
9 - CHECKING,10/04/2011,Withdrawal PROG MARATHON-INS PREM ,-123.50,0.00,2550.09
9 - CHECKING,10/03/2011,Purchase: 001 LOWES #1659 1136 WEST ALEXIS R TOLEDO OH Card: ****0544 10/03/2011,-13.33,0.00,2673.59
9 - CHECKING,10/03/2011,Purchase: KCO81084 KROGER 833 ALEXIS RD TOLEDO OH Card: ****0544 10/03/2011,-19.13,0.00,2686.92
9 - CHECKING,10/03/2011,Purchase: 99999999 MCDONALDS M7335 OF LAMBERTVILLE MI Card: ****0544 10/01/2011,-11.63,0.00,2706.05
9 - CHECKING,10/03/2011,Purchase: 99999999 WWW.NEWEGG.COM 800-390-1119 CA Card: ****0544 10/01/2011,-52.98,0.00,2717.68
9 - CHECKING,10/03/2011,Purchase: LK855299 GO DOLLAR STORE LL LAMBERTVILLE MI Card: ****9706 10/01/2011,-5.30,0.00,2770.66
9 - CHECKING,10/02/2011,Purchase: 001 LOWES #1659 1136 WEST ALEXIS R TOLEDO OH Card: ****0544 10/02/2011,-3.18,0.00,2775.96
9 - CHECKING,10/02/2011,Purchase: KCO86407 KROGER 3462 W.STERNS RD. LAMBERTVILLE MI Card: ****0544 10/02/2011,-20.34,0.00,2779.14
9 - CHECKING,10/01/2011,Purchase: 001 LOWES #1659 1136 WEST ALEXIS R TOLEDO OH Card: ****0544 10/01/2011,-61.16,0.00,2799.48
9 - CHECKING,10/01/2011,Purchase: LK872183 TIFFANYS PIZZA CO LAMBERTVILLE MI Card: ****0544 09/30/2011,-13.76,0.00,2860.64
9 - CHECKING,09/30/2011,Deposit Dividend APY 0.150% APYE 0.150% (09/01/2011 - 09/30/2011),0.27,0.00,2874.40
9 - CHECKING,09/30/2011,Purchase: KCO81081 KROGER 833 ALEXIS RD TOLEDO OH Card: ****0544 09/30/2011,-15.20,0.00,2874.13
9 - CHECKING,09/30/2011,Withdrawal CHASE-EPAY ,-148.65,0.00,2889.33
9 - CHECKING,09/30/2011,Purchase: 99999999 LITTLE CAESARS 1574 00 LAMBERTVILLE MI Card: ****0544 09/29/2011,-5.30,0.00,3037.98
9 - CHECKING,09/29/2011,Purchase: KCO86406 KROGER 3462 W.STERNS RD. LAMBERTVILLE MI Card: ****9706 09/29/2011,-9.52,0.00,3043.28
9 - CHECKING,09/28/2011,Purchase: 00665855 JOANN STORES  INC. 4925 JACKMAN RD # TOLEDO OH Card: ****9706 09/28/2011,-8.18,0.00,3052.80
9 - CHECKING,09/28/2011,Withdrawal WELLS FARGO DLR-FEE & PMTS ,-241.76,0.00,3060.98
9 - CHECKING,09/28/2011,Deposit HEARTLAND EMPLOY-DIR DEP *****6180,1781.48,0.00,3302.74
9 - CHECKING,09/27/2011,Withdrawal Check # 1602 Trace: 91640336,-69.97,0.00,1521.26
9 - CHECKING,09/26/2011,Purchase: 06220077 TARGET T0622 TOLED Toledo OH Card: ****9706 09/26/2011,-47.69,0.00,1591.23
9 - CHECKING,09/26/2011,Withdrawal Check # 1601 Trace: 91306782,-150.00,0.00,1638.92
9 - CHECKING,09/26/2011,Purchase: KCO86404 KROGER 3462 W.STERNS RD. LAMBERTVILLE MI Card: ****9706 09/26/2011,-2.26,0.00,1788.92
9 - CHECKING,09/26/2011,Purchase: 30409098 USPS 255240014 8213 SECOR LAMBERTVILLE MI Card: ****9706 09/26/2011,-7.19,0.00,1791.18
9 - CHECKING,09/26/2011,Withdrawal AES-STDNT LOAN ,-52.47,0.00,1798.37
9 - CHECKING,09/26/2011,Purchase: 99999999 APL*APPLE ITUNES STORE 866-712-7753 CA Card: ****0544 09/25/2011,-3.17,0.00,1850.84
9 - CHECKING,09/25/2011,Purchase: KCO86482 KROGER 3462 W.STERNS RD. LAMBERTVILLE MI Card: ****0544 09/25/2011,-3.23,0.00,1854.01
9 - CHECKING,09/25/2011,Purchase: KCO86404 KROGER 3462 W.STERNS RD. LAMBERTVILLE MI Card: ****9706 09/25/2011,-13.15,0.00,1857.24
9 - CHECKING,09/24/2011,Purchase: KCO86407 KROGER 3462 W.STERNS RD. LAMBERTVILLE MI Card: ****9706 09/24/2011,-12.34,0.00,1870.39
9 - CHECKING,09/24/2011,Purchase: 30409097 USPS 255240014 8213 SECOR LAMBERTVILLE MI Card: ****9706 09/24/2011,-17.08,0.00,1882.73
9 - CHECKING,09/23/2011,Purchase: 9732 HOMEOWNERS INSURANCE P 08665389094 MA Card: ****0544 09/22/2011,-55.10,0.00,1899.81
9 - CHECKING,09/22/2011,Purchase: 99999999 APL*APPLE ITUNES STORE 866-712-7753 CA Card: ****0544 09/22/2011,-1.05,0.00,1954.91
9 - CHECKING,09/22/2011,Purchase: KCO81082 KROGER 833 ALEXIS RD TOLEDO OH Card: ****0544 09/22/2011,-4.49,0.00,1955.96
9 - CHECKING,09/22/2011,Purchase: KCO81083 KROGER 833 ALEXIS RD TOLEDO OH Card: ****0544 09/22/2011,-2.49,0.00,1960.45
9 - CHECKING,09/22/2011,Purchase: KCO86407 KROGER 3462 W.STERNS RD. LAMBERTVILLE MI Card: ****9706 09/22/2011,-11.03,0.00,1962.94
9 - CHECKING,09/22/2011,Purchase: 99999999 NFI*WWW.NETFLIX.COM/CC NETFLIX.COM CA Card: ****0544 09/21/2011,-7.99,0.00,1973.97
9 - CHECKING,09/21/2011,Purchase: 99999999 VIVINT RBS PROVO UT Card: ****0544 09/20/2011,-39.99,0.00,1981.96
9 - CHECKING,09/21/2011,Withdrawal BP SOUTH CENTRAL-BILL PMT ,-104.38,0.00,2021.95
9 - CHECKING,09/20/2011,Purchase: KCO81082 KROGER 833 ALEXIS RD TOLEDO OH Card: ****0544 09/20/2011,-10.77,0.00,2126.33
9 - CHECKING,09/20/2011,Purchase: 99999999 BUCKEYE CABLESYSTEM 419-724-9800 OH Card: ****0544 09/19/2011,-248.14,0.00,2137.10
9 - CHECKING,09/20/2011,Purchase: KCO81082 KROGER 833 ALEXIS RD TOLEDO OH Card: ****0544 09/20/2011,-5.54,0.00,2385.24
9 - CHECKING,09/19/2011,Purchase: KCO81084 KROGER 833 ALEXIS RD TOLEDO OH Card: ****0544 09/19/2011,-4.21,0.00,2390.78
9 - CHECKING,09/19/2011,Purchase: 0059 ATTM *188006145717 08003310500 TX Card: ****0544 09/18/2011,-141.59,0.00,2394.99
9 - CHECKING,09/19/2011,Purchase: 30409097 USPS 255240014 8213 SECOR LAMBERTVILLE MI Card: ****9706 09/19/2011,-3.70,0.00,2536.58
9 - CHECKING,09/18/2011,Purchase: KCO86406 KROGER 3462 W.STERNS RD. LAMBERTVILLE MI Card: ****9706 09/18/2011,-12.96,0.00,2540.28
9 - CHECKING,09/17/2011,Purchase: KCO86408 KROGER 3462 W.STERNS RD. LAMBERTVILLE MI Card: ****9706 09/17/2011,-85.47,0.00,2553.24
9 - CHECKING,09/16/2011,Purchase: 30409097 USPS 255240014 8213 SECOR LAMBERTVILLE MI Card: ****9706 09/16/2011,-50.17,0.00,2638.71
9 - CHECKING,09/16/2011,Withdrawal CONSUMERS ENERGY-ENERGYBILL ,-189.00,0.00,2688.88
9 - CHECKING,09/15/2011,Purchase: 99999999 MCDONALDS M2089 OF TOLEDO OH Card: ****9706 09/14/2011,-9.16,0.00,2877.88
9 - CHECKING,09/15/2011,Withdrawal AES-STDNT LOAN ,-138.36,0.00,2887.04
9 - CHECKING,09/14/2011,Withdrawal Check # 1599 Trace: 90787450,-176.91,0.00,3025.40
9 - CHECKING,09/14/2011,Purchase: KCO86409 KROGER 3462 W.STERNS RD. LAMBERTVILLE MI Card: ****9706 09/14/2011,-11.33,0.00,3202.31
9 - CHECKING,09/14/2011,Purchase: LK562519 LAMBERTVILLE D 8100 SECOR ROAD LAMBERTVILLE MI Card: ****9706 09/14/2011,-5.07,0.00,3213.64
9 - CHECKING,09/14/2011,Purchase Return: 06220123 TARGET T0622 TOLED Toledo OH Card: ****9706 09/14/2011,16.00,0.00,3218.71
9 - CHECKING,09/14/2011,Deposit HEARTLAND EMPLOY-DIR DEP *****6180,1781.49,0.00,3202.71
9 - CHECKING,09/13/2011,Withdrawal LarsenBillingSer-Autopay ,-200.00,0.00,1421.22
9 - CHECKING,09/12/2011,Purchase: 010 PIZZA HUT 316603166204 LAMBERTVILLE MI Card: ****0544 09/10/2011,-12.72,0.00,1621.22
9 - CHECKING,09/11/2011,Purchase: KC686400 KROGER 7405 SECOR RD LAMBERTVILLE MI Card: ****0544 09/11/2011,-61.57,0.00,1633.94
9 - CHECKING,09/11/2011,Purchase: KCO86408 KROGER 3462 W.STERNS RD. LAMBERTVILLE MI Card: ****9706 09/11/2011,-8.00,0.00,1695.51
9 - CHECKING,09/10/2011,Purchase: 17401409 MEIJER INC 118 1500 E. ALEXIS RD TOLEDO OH Card: ****9706 09/10/2011,-146.83,0.00,1703.51
9 - CHECKING,09/10/2011,Purchase: 06220078 TARGET T0622 TOLED Toledo OH Card: ****9706 09/10/2011,-55.49,0.00,1850.34
9 - CHECKING,09/10/2011,Purchase: KCO51183 KROGER 4925 JACKMAN RD TOLEDO OH Card: ****0544 09/10/2011,-55.72,0.00,1905.83
9 - CHECKING,09/10/2011,Purchase: KCO51183 KROGER 4925 JACKMAN RD TOLEDO OH Card: ****0544 09/10/2011,-52.14,0.00,1961.55
9 - CHECKING,09/09/2011,Purchase: 30069148 AUNT MILLIES BAKERY - TEMPERANCE MI Card: ****9706 09/08/2011,-3.76,0.00,2013.69
9 - CHECKING,09/08/2011,Purchase: KCO81082 KROGER 833 ALEXIS RD TOLEDO OH Card: ****0544 09/08/2011,-1.16,0.00,2017.45
9 - CHECKING,09/08/2011,Purchase: KCO81082 KROGER 833 ALEXIS RD TOLEDO OH Card: ****0544 09/08/2011,-19.67,0.00,2018.61
9 - CHECKING,09/08/2011,Purchase: 30409098 USPS 255240014 8213 SECOR LAMBERTVILLE MI Card: ****9706 09/08/2011,-21.83,0.00,2038.28
9 - CHECKING,09/07/2011,Purchase: 001 SUBWAY 00067991 TOLEDO OH Card: ****0544 09/06/2011,-5.00,0.00,2060.11
9 - CHECKING,09/07/2011,Withdrawal THE STUDENT LOAN-SLPAYMENTS ,-120.58,0.00,2065.11
9 - CHECKING,09/06/2011,Purchase: KCO81083 KROGER 833 ALEXIS RD TOLEDO OH Card: ****0544 09/06/2011,-15.66,0.00,2185.69
9 - CHECKING,09/06/2011,Withdrawal SALLIE MAE-SLMA DEBIT ,-57.92,0.00,2201.35
9 - CHECKING,09/06/2011,Withdrawal MICHIGAN GAS-ONLINE PMT ,-26.05,0.00,2259.27
9 - CHECKING,09/05/2011,Purchase: KC681000 KROGER 841 W. ALEXIS TOLEDO OH Card: ****0544 09/05/2011,-34.91,0.00,2285.32
9 - CHECKING,09/05/2011,Purchase: 001 LOWES #1659 1136 WEST ALEXIS R TOLEDO OH Card: ****0544 09/05/2011,-3.80,0.00,2320.23
9 - CHECKING,09/05/2011,Purchase: 0010 GREAT CLIPS #9812 TOLEDO OH Card: ****9706 09/04/2011,-8.99,0.00,2324.03
9 - CHECKING,09/05/2011,Purchase: KCO81085 KROGER 833 ALEXIS RD TOLEDO OH Card: ****0544 09/05/2011,-1.55,0.00,2333.02
9 - CHECKING,09/05/2011,Purchase: 001 LOWES #1659 1136 WEST ALEXIS R TOLEDO OH Card: ****0544 09/05/2011,-12.77,0.00,2334.57
9 - CHECKING,09/03/2011,Purchase: KCO86408 KROGER 3462 W.STERNS RD. LAMBERTVILLE MI Card: ****9706 09/03/2011,-102.02,0.00,2347.34
9 - CHECKING,09/03/2011,Purchase: 001 LOWES #1659 1136 WEST ALEXIS R TOLEDO OH Card: ****0544 09/03/2011,-5.27,0.00,2449.36
9 - CHECKING,09/03/2011,Purchase: LK872183 TIFFANYS PIZZA CO LAMBERTVILLE MI Card: ****0544 09/02/2011,-13.76,0.00,2454.63
9 - CHECKING,09/02/2011,Purchase: 00186890 TOYS R US 5820 ALEXIS ROAD TOLEDO OH Card: ****0544 09/02/2011,-11.72,0.00,2468.39
9 - CHECKING,09/02/2011,Purchase: 4600 BDS MONGOLIAN GRILL TOLEDO OH Card: ****0544 08/31/2011,-3.11,0.00,2480.11
9 - CHECKING,09/01/2011,Withdrawal Check # 1596 Trace: 92436024,-28.12,0.00,2483.22
9 - CHECKING,09/01/2011,Purchase: KCO81082 KROGER 833 ALEXIS RD TOLEDO OH Card: ****0544 09/01/2011,-18.55,0.00,2511.34
9 - CHECKING,09/01/2011,Withdrawal CHASE-EPAY ,-35.52,0.00,2529.89
9 - CHECKING,08/31/2011,Deposit Dividend APY 0.133% APYE 0.133% (08/01/2011 - 08/31/2011),0.11,0.00,2565.41
9 - CHECKING,08/31/2011,Deposit ,279.77,0.00,2565.30
9 - CHECKING,08/31/2011,Withdrawal WELLS FARGO DLR-FEE & PMTS ,-241.76,0.00,2285.53
9 - CHECKING,08/31/2011,Deposit HEARTLAND EMPLOY-DIR DEP *****6180,2029.32,0.00,2527.29
9 - CHECKING,08/30/2011,Purchase: 99999999 APL*APPLE ITUNES STORE 866-712-7753 CA Card: ****0544 08/30/2011,-2.11,0.00,497.97
9 - CHECKING,08/30/2011,Purchase: KCO81084 KROGER 833 ALEXIS RD TOLEDO OH Card: ****0544 08/30/2011,-4.21,0.00,500.08
9 - CHECKING,08/29/2011,Purchase: 001 LOWES #1659 1136 WEST ALEXIS R TOLEDO OH Card: ****0544 08/29/2011,-6.58,0.00,504.29
9 - CHECKING,08/28/2011,Purchase: KCO86408 KROGER 3462 W.STERNS RD. LAMBERTVILLE MI Card: ****9706 08/28/2011,-8.00,0.00,510.87
9 - CHECKING,08/27/2011,Purchase: KCO86485 KROGER 3462 W.STERNS RD. LAMBERTVILLE MI Card: ****0544 08/27/2011,-6.62,0.00,518.87
9 - CHECKING,08/27/2011,Purchase: LK872183 TIFFANYS PIZZA CO LAMBERTVILLE MI Card: ****0544 08/26/2011,-13.76,0.00,525.49
9 - CHECKING,08/25/2011,PROG MARATHON (Payment) Pre-Notification,0.00,0.00,539.25
9 - CHECKING,08/25/2011,Withdrawal AES-STDNT LOAN ,-52.47,0.00,539.25
9 - CHECKING,08/25/2011,Deposit HALF.COM-PAYMENTS 1089A2771A23,15.82,0.00,591.72
9 - CHECKING,08/24/2011,Deposit ,200.00,0.00,575.90
9 - CHECKING,08/23/2011,Deposit ,28.00,0.00,375.90
9 - CHECKING,08/23/2011,Withdrawal STATE FARM RO 08-SFPP ,-196.76,0.00,347.90
9 - CHECKING,08/23/2011,Withdrawal BP SOUTH CENTRAL-BILL PMT ,-104.38,0.00,544.66
9 - CHECKING,08/23/2011,Purchase: 9732 HOMEOWNERS INSURANCE P 08665389094 MA Card: ****0544 08/22/2011,-51.90,0.00,649.04
9 - CHECKING,08/23/2011,Purchase: P003 PROGRESSIVE INS 800-888-7764 OH Card: ****0544 08/22/2011,-122.53,0.00,700.94
9 - CHECKING,08/22/2011,Deposit ,339.00,0.00,823.47
9 - CHECKING,08/22/2011,Purchase: KC681000 KROGER 841 W. ALEXIS TOLEDO OH Card: ****0544 08/22/2011,-34.27,0.00,484.47
9 - CHECKING,08/22/2011,Purchase: 99999999 VIVINT RBS PROVO UT Card: ****0544 08/20/2011,-39.99,0.00,518.74
9 - CHECKING,08/22/2011,Purchase: 001 SUBWAY 00103945 LAMBERTVILLE MI Card: ****0544 08/20/2011,-16.96,0.00,558.73
9 - CHECKING,08/22/2011,Purchase: 6938 CIOLINO MARKET-TEMPERA TEMPERANCE MI Card: ****9706 08/20/2011,-13.97,0.00,575.69
9 - CHECKING,08/21/2011,Purchase: GT653611 GIANT EAGLE IN 6930 W CENTRAL AVE TOLEDO OH Card: ****9706 08/21/2011,-91.54,0.00,589.66
9 - CHECKING,08/20/2011,Purchase: KCO86404 KROGER 3462 W.STERNS RD. LAMBERTVILLE MI Card: ****9706 08/20/2011,-195.54,0.00,681.20
9 - CHECKING,08/20/2011,Purchase: 06351949 PETCO ANIMAL SUPPLIES 5027 MONROE ST TOLEDO OH Card: ****9706 08/20/2011,-57.01,0.00,876.74
9 - CHECKING,08/20/2011,Purchase: LK872183 TIFFANYS PIZZA CO LAMBERTVILLE MI Card: ****0544 08/19/2011,-13.76,0.00,933.75
9 - CHECKING,08/19/2011,Purchase: KCO81086 KROGER 833 ALEXIS RD TOLEDO OH Card: ****0544 08/19/2011,-8.54,0.00,947.51
9 - CHECKING,08/19/2011,Purchase: 0059 ATTM *188006145717 08003310500 TX Card: ****0544 08/18/2011,-141.59,0.00,956.05
9 - CHECKING,08/19/2011,Purchase: 0330 BATTERY WHOLESALE TOLEDO OH Card: ****0544 08/18/2011,-3.19,0.00,1097.64
9 - CHECKING,08/18/2011,Purchase: 001 LOWES #1659 1136 WEST ALEXIS R TOLEDO OH Card: ****0544 08/18/2011,-3.50,0.00,1100.83
9 - CHECKING,08/18/2011,Purchase: KCO81082 KROGER 833 ALEXIS RD TOLEDO OH Card: ****0544 08/18/2011,-5.18,0.00,1104.33
9 - CHECKING,08/18/2011,Withdrawal Check # 1591 Trace: 91092980,-1100.00,0.00,1109.51
9 - CHECKING,08/18/2011,Withdrawal CONSUMERS ENERGY-ENERGYBILL ,-189.00,0.00,2209.51
9 - CHECKING,08/17/2011,Purchase: 40794101 SHELL Service Station TOLEDO OH Card: ****0544 08/17/2011,-59.17,0.00,2398.51
9 - CHECKING,08/17/2011,Deposit HEARTLAND EMPLOY-DIR DEP *****6180,2029.33,0.00,2457.68
9 - CHECKING,08/17/2011,Purchase: 5480 MICROSOFT *XBOX LIVE 08003865550 WA Card: ****0544 08/16/2011,-19.99,0.00,428.35
9 - CHECKING,08/16/2011,Purchase: 06220076 TARGET T0622 TOLED Toledo OH Card: ****9706 08/16/2011,-65.22,0.00,448.34
9 - CHECKING,08/16/2011,Purchase: 45439103 FAMILY DOLLAR #5268 3020 CHERRY ST TOLEDO OH Card: ****0544 08/16/2011,-9.65,0.00,513.56
9 - CHECKING,08/15/2011,Purchase: 99999999 APL*APPLE ITUNES STORE 866-712-7753 CA Card: ****0544 08/15/2011,-2.11,0.00,523.21
9 - CHECKING,08/15/2011,Purchase: 010 PIZZA HUT 316603166204 LAMBERTVILLE MI Card: ****0544 08/14/2011,-27.56,0.00,525.32
9 - CHECKING,08/15/2011,Withdrawal Check # 1593 Trace: 92658426,-20.00,0.00,552.88
9 - CHECKING,08/15/2011,Purchase: 009 WENDYS #106 00001065 LAMBERTVILLE MI Card: ****0544 08/13/2011,-2.11,0.00,572.88
9 - CHECKING,08/15/2011,Purchase: 008 WENDYS #106 00001065 LAMBERTVILLE MI Card: ****0544 08/13/2011,-16.27,0.00,574.99
9 - CHECKING,08/15/2011,Purchase: KCO86481 KROGER 3462 W.STERNS RD. LAMBERTVILLE MI Card: ****0544 08/14/2011,-1.59,0.00,591.26
9 - CHECKING,08/15/2011,Purchase: KCO86483 KROGER 3462 W.STERNS RD. LAMBERTVILLE MI Card: ****0544 08/14/2011,-20.61,0.00,592.85
9 - CHECKING,08/15/2011,Purchase: KCO86486 KROGER 3462 W.STERNS RD. LAMBERTVILLE MI Card: ****0544 08/14/2011,-8.00,0.00,613.46
9 - CHECKING,08/15/2011,Purchase: KCO86484 KROGER 3462 W.STERNS RD. LAMBERTVILLE MI Card: ****0544 08/12/2011,-5.11,0.00,621.46
9 - CHECKING,08/15/2011,Purchase: KCO81086 KROGER 833 ALEXIS RD TOLEDO OH Card: ****0544 08/11/2011,-10.41,0.00,626.57
9 - CHECKING,08/15/2011,Withdrawal AES-STDNT LOAN ,-138.36,0.00,636.98
9 - CHECKING,08/12/2011,Withdrawal Check # 1589 Trace: 92063540,-60.44,0.00,775.34
9 - CHECKING,08/12/2011,Withdrawal Check # 1594 Trace: 91945774,-42.72,0.00,835.78
9 - CHECKING,08/12/2011,Withdrawal ,-137.50,0.00,878.50
9 - CHECKING,08/11/2011,Purchase CHK PUR: 99999999 19BUCKEYE CABLESYST EM BUCKEYE CABLESYSTE 419 724 9800OHU OH Card: ****0544 08/10/2011,-126.50,0.00,1016.00
9 - CHECKING,08/11/2011,Purchase CHK PUR: 99999999 13WENDY S 4511 WEN TOLEDO OHN OH Card: ****0544 08/10/2011,-17.24,0.00,1142.50
9 - CHECKING,08/10/2011,Purchase CHK PUR: Z602 22VCN MICHIGAN VITA L REC VCN MICHIGAN VITA LANSING MIT MI Card: ****0544 08/09/2011,-64.25,0.00,1159.74
9 - CHECKING,08/10/2011,Withdrawal Check # 1588 Trace: 91295384,-61.08,0.00,1223.99
9 - CHECKING,08/10/2011,Withdrawal MICHIGAN GAS ONLINE PMT EFT TRANSACTION,-32.45,0.00,1285.07
9 - CHECKING,08/10/2011,Deposit HALF.COM PAYMENTS EFT TRANSACTION,49.03,0.00,1317.52
9 - CHECKING,08/09/2011,Purchase CHK PUR: KCO86486 06KROGER 3462 W STE RNS RD LAMBERTVILLEMI0 MI Card: ****0544 08/09/2011,-29.80,0.00,1268.49
9 - CHECKING,08/09/2011,Purchase CHK PUR: 10 22OREILLY AUTO PART S 226 7460 SECOR ROAD LAMBERTVILLEMI3 MI Card: ****0544 08/09/2011,-5.29,0.00,1298.29
9 - CHECKING,08/09/2011,Withdrawal Check # 1595 Trace: 90685456,-65.00,0.00,1303.58
9 - CHECKING,08/09/2011,Withdrawal THE STUDENT LOAN SLPAYMENTS EFT TRANSACTION,-120.58,0.00,1368.58
9 - CHECKING,08/09/2011,Purchase CHK PUR: 99999999 17KROGER FUEL 6810 TOLEDO OHD OH Card: ****0544 08/08/2011,-34.94,0.00,1489.16
9 - CHECKING,08/08/2011,Purchase CHK PUR: KCO86486 06KROGER 3462 W STE RNS RD LAMBERTVILLEMI0 MI Card: ****0544 08/08/2011,-3.69,0.00,1524.10
9 - CHECKING,08/08/2011,Purchase CHK PUR: 30409098 14USPS 255240014 US PS 2552400144 LAMBERTVILLEMI0 MI Card: ****9706 08/08/2011,-8.89,0.00,1527.79
9 - CHECKING,08/08/2011,Withdrawal SALLIE MAE SLMA DEBIT EFT TRANSACTION,-57.92,0.00,1536.68
9 - CHECKING,08/07/2011,Purchase CHK PUR: 010 22PIZZA HUT 3166031 66204 PIZZA HUT 3166031 LAMBERTVILLEMIY MI Card: ****0544 08/05/2011,-12.72,0.00,1594.60
9 - CHECKING,08/07/2011,Purchase CHK PUR: KCO86404 06KROGER 3462 W STE RNS RD LAMBERTVILLEMI0 MI Card: ****9706 08/07/2011,-34.67,0.00,1607.32
9 - CHECKING,08/05/2011,Purchase CHK PUR: 0010 22CK 5671 QPS CK 5671 WATERVILLE OHD OH Card: ****9706 08/05/2011,-37.12,0.00,1641.99
9 - CHECKING,08/05/2011,Purchase CHK PUR: 84281301 08CK 5671 103 ANTH ONY WAYNE WATERVILLE OH4 OH Card: ****9706 08/05/2011,0.00,0.00,1679.11
9 - CHECKING,08/05/2011,Purchase CHK PUR: 99999999 22PIZZAPAPALIS OF T oledo PIZZAPAPALIS OF T TOLEDO OHT OH Card: ****0544 08/02/2011,-6.11,0.00,1679.11
9 - CHECKING,08/04/2011,Purchase CHK PUR: 99999999 22APL APPLE ITUNES STORE APL APPLE ITUNES 866 712 7753CAV CA Card: ****0544 08/04/2011,-3.17,0.00,1685.22
9 - CHECKING,08/04/2011,Purchase CHK PUR: 00186890 09TOYS R US 5820 AL EXIS ROAD TOLEDO OH0 OH Card: ****9706 08/04/2011,-18.65,0.00,1688.39
9 - CHECKING,08/04/2011,Withdrawal Xfer Acct: 303610-1 191 3 Share,-25.00,0.00,1707.04
9 - CHECKING,08/04/2011,Purchase CHK PUR: 0001 04HULU HULU 08778015441 CAG CA Card: ****0544 08/03/2011,-7.99,0.00,1732.04
9 - CHECKING,08/04/2011,Deposit PAYPAL TRANSFER EFT TRANSACTION,63.37,0.00,1740.03
9 - CHECKING,08/03/2011,Purchase CHK PUR: KCO86481 06KROGER 3462 W STE RNS RD LAMBERTVILLEMI0 MI Card: ****0544 08/03/2011,-7.26,0.00,1676.66
9 - CHECKING,08/03/2011,Purchase CHK PUR: LK562519 14LAMBERTVILLE D 81 00 SECOR ROAD LAMBERTVILLEMI0 MI Card: ****9706 08/03/2011,-32.70,0.00,1683.92
9 - CHECKING,08/03/2011,Deposit HEARTLAND EMPLOY DIR DEP EFT TRANSACTION,1486.05,0.00,1716.62
9 - CHECKING,08/02/2011,Purchase CHK PUR: KCO81084 06KROGER 833 ALEXIS RD TOLEDO OH0 OH Card: ****0544 08/02/2011,-8.53,0.00,230.57
9 - CHECKING,08/02/2011,Withdrawal LARSENBILLINGSER AUTOPAY EFT TRANSACTION,-200.00,0.00,239.10
9 - CHECKING,08/01/2011,Purchase CHK PUR: 30409098 14USPS 255240014 US PS 2552400144 LAMBERTVILLEMI0 MI Card: ****9706 08/01/2011,-17.51,0.00,439.10
9 - CHECKING,07/31/2011,Annual Percentage Yield Earned: 0.09% 01Jul11 - 31Jul11,0.00,0.00,456.61
9 - CHECKING,07/31/2011,Deposit Dividend,0.10,0.00,456.61
9 - CHECKING,07/31/2011,Purchase CHK PUR: KCO86486 06KROGER 3462 W STE RNS RD LAMBERTVILLEMI0 MI Card: ****9706 07/31/2011,-11.09,0.00,456.51
9 - CHECKING,07/30/2011,Purchase CHK PUR: 00000006 14MENARDS TOLE ME NARDS - TOLEDO N TOLEDO OH 4OH0 OH Card: ****0544 07/30/2011,-3.51,0.00,467.60
9 - CHECKING,07/30/2011,Purchase CHK PUR: LK872183 18TIFFANY S PIZZA C O TIFFANY S PIZZA CO LAMBERTVILLEMII MI Card: ****0544 07/29/2011,-13.76,0.00,471.11
9 - CHECKING,07/29/2011,Purchase CHK PUR: KCO86486 06KROGER 3462 W STE RNS RD LAMBERTVILLEMI0 MI Card: ****0544 07/29/2011,-21.16,0.00,484.87
9 - CHECKING,07/29/2011,Purchase CHK PUR: 30409098 14USPS 255240014 US PS 2552400144 LAMBERTVILLEMI0 MI Card: ****9706 07/29/2011,-4.05,0.00,506.03
9 - CHECKING,07/27/2011,Withdrawal Check # 1592 Trace: 92440726,-29.72,0.00,510.08
9 - CHECKING,07/27/2011,Deposit Xfer Acct: 303610-1 191 3 Share,185.29,0.00,539.80
9 - CHECKING,07/27/2011,Deposit ,295.00,0.00,354.51
9 - CHECKING,07/26/2011,Withdrawal WELLS FARGO DLR FEE PMTS EFT TRANSACTION,-241.76,0.00,59.51
9 - CHECKING,07/26/2011,Withdrawal CHASE EPAY EFT TRANSACTION,-24.50,0.00,301.27
9 - CHECKING,07/25/2011,Purchase CHK PUR: 30409098 14USPS 255240014 US PS 2552400144 LAMBERTVILLEMI0 MI Card: ****9706 07/25/2011,-33.11,0.00,325.77
9 - CHECKING,07/25/2011,Purchase CHK PUR: KC681000 06KROGER 841 W ALE XIS TOLEDO OH0 OH Card: ****0544 07/25/2011,-37.24,0.00,358.88
9 - CHECKING,07/25/2011,Withdrawal AES STDNT LOAN EFT TRANSACTION,-52.47,0.00,396.12
9 - CHECKING,07/25/2011,Purchase CHK PUR: 30069148 21AUNT MILLIES BAKE RY - AUNT MILLIES BAKER TEMPERANCE MIN MI Card: ****9706 07/22/2011,-2.27,0.00,448.59
9 - CHECKING,07/24/2011,Deposit Xfer Acct: 303610-1 191 3 Share,126.40,0.00,450.86
9 - CHECKING,07/23/2011,Purchase CHK PUR: KCO86404 06KROGER 3462 W STE RNS RD LAMBERTVILLEMI0 MI Card: ****9706 07/23/2011,-21.96,0.00,324.46
9 - CHECKING,07/23/2011,Purchase CHK PUR: KCO86403 06KROGER 3462 W STE RNS RD LAMBERTVILLEMI0 MI Card: ****9706 07/23/2011,-13.84,0.00,346.42
9 - CHECKING,07/23/2011,Purchase CHK PUR: 30409097 14USPS 255240014 US PS 2552400144 LAMBERTVILLEMI0 MI Card: ****9706 07/23/2011,-37.82,0.00,360.26
9 - CHECKING,07/23/2011,Purchase CHK PUR: 6936 22CIOLINO MARKET TE MPERA CIOLINO MARKET-TE TEMPERANCE MIH MI Card: ****9706 07/22/2011,-16.76,0.00,398.08
9 - CHECKING,07/22/2011,Deposit HALF.COM PAYMENTS EFT TRANSACTION,31.30,0.00,414.84
9 - CHECKING,07/21/2011,Purchase CHK PUR: 56201407 14MEIJER INC 118 15 00 E ALEXIS RD TOLEDO OH1 OH Card: ****9706 07/21/2011,-86.15,0.00,383.54
9 - CHECKING,07/21/2011,Purchase CHK PUR: 99999999 10VIVINT RBS VIVINT PROVO UTF UT Card: ****0544 07/20/2011,-39.99,0.00,469.69
9 - CHECKING,07/21/2011,Withdrawal Check # 1590 Trace: 90713322,-86.75,0.00,509.68
9 - CHECKING,07/21/2011,Withdrawal STATE FARM RO 08 SFPP EFT TRANSACTION,-196.76,0.00,596.43
9 - CHECKING,07/21/2011,Withdrawal BP SOUTH CENTRAL BILL PMT EFT TRANSACTION,-104.38,0.00,793.19
9 - CHECKING,07/20/2011,Withdrawal Check # 1587 Trace: 90305738,-1100.00,0.00,897.57
9 - CHECKING,07/20/2011,Purchase CHK PUR: 99999999 19BUCKEYE CABLESYST EM BUCKEYE CABLESYSTE 419 724 9800OHT OH Card: ****0544 07/19/2011,-125.57,0.00,1997.57
9 - CHECKING,07/20/2011,Purchase CHK PUR: 99999999 19MCDONALD S M7335 OF MCDONALD S M7335 O LAMBERTVILLEMIA MI Card: ****0544 07/18/2011,-9.09,0.00,2123.14
9 - CHECKING,07/19/2011,Purchase CHK PUR: 001 22SUBWAY 000 67991 SUBWAY 000 TOLEDO OHH OH Card: ****0544 07/18/2011,-7.86,0.00,2132.23
9 - CHECKING,07/19/2011,Purchase CHK PUR: KCO86486 06KROGER 3462 W STE RNS RD LAMBERTVILLEMI0 MI Card: ****0544 07/19/2011,-47.41,0.00,2140.09
9 - CHECKING,07/19/2011,Purchase CHK PUR: 0059 18ATTM 18800614571 7 ATTM 188006145717 08003310500 TXE TX Card: ****0544 07/18/2011,-143.40,0.00,2187.50
9 - CHECKING,07/19/2011,Withdrawal CONSUMERS ENERGY ENERGYBILL EFT TRANSACTION,-189.00,0.00,2330.90
9 - CHECKING,07/17/2011,Purchase CHK PUR: KCO86486 06KROGER 3462 W STE RNS RD LAMBERTVILLEMI0 MI Card: ****9706 07/17/2011,-13.00,0.00,2519.90
9 - CHECKING,07/16/2011,Purchase CHK PUR: 30409097 14USPS 255240014 US PS 2552400144 LAMBERTVILLEMI0 MI Card: ****0544 07/16/2011,-3.21,0.00,2532.90
9 - CHECKING,07/16/2011,Purchase CHK PUR: 8291 20LEARNING EXPRESS 11 LEARNING EXPRESS SYLVANIA OHE OH Card: ****9706 07/15/2011,-13.86,0.00,2536.11
9 - CHECKING,07/16/2011,Purchase CHK PUR: LK872183 18TIFFANY S PIZZA C O TIFFANY S PIZZA CO LAMBERTVILLEMIA MI Card: ****0544 07/15/2011,-13.76,0.00,2549.97
9 - CHECKING,07/15/2011,Purchase CHK PUR: KCO86484 06KROGER 3462 W STE RNS RD LAMBERTVILLEMI0 MI Card: ****0544 07/15/2011,-0.77,0.00,2563.73
9 - CHECKING,07/15/2011,Withdrawal AES STDNT LOAN EFT TRANSACTION,-138.36,0.00,2564.50
9 - CHECKING,07/15/2011,Deposit SYSTEMS IN MOTIO DIRECT DEP EFT TRANSACTION,2000.64,0.00,2702.86
9 - CHECKING,07/15/2011,Purchase CHK PUR: 0010 22TERRY S BP QPS TERRY S BP MILAN MID MI Card: ****0544 07/14/2011,-40.91,0.00,702.22
9 - CHECKING,07/14/2011,Withdrawal Check # 1586 Trace: 91354946,-88.40,0.00,743.13
9 - CHECKING,07/13/2011,Purchase CHK PUR: KCO86405 06KROGER 3462 W STE RNS RD LAMBERTVILLEMI0 MI Card: ****9706 07/13/2011,-68.73,0.00,831.53
9 - CHECKING,07/13/2011,Purchase CHK PUR: GT353606 14GIANT EAGLE IN 69 32 W CENTRAL AVE TOLEDO OH2 OH Card: ****9706 07/13/2011,-50.80,0.00,900.26
9 - CHECKING,07/13/2011,Purchase CHK PUR: GT653611 14GIANT EAGLE IN 69 30 W CENTRAL AVE TOLEDO OH0 OH Card: ****9706 07/13/2011,-60.89,0.00,951.06
9 - CHECKING,07/13/2011,Purchase CHK PUR REV: GT653611 14GIANT EAGLE IN 69 30 W CENTRAL AVE TOLEDO OH0 OH Card: ****9706 07/13/2011,60.89,0.00,1011.95
9 - CHECKING,07/13/2011,Purchase CHK PUR: GT653611 14GIANT EAGLE IN 69 30 W CENTRAL AVE TOLEDO OH0 OH Card: ****9706 07/13/2011,-60.89,0.00,951.06
9 - CHECKING,07/13/2011,Purchase CHK PUR: 30409098 14USPS 255240014 US PS 2552400144 LAMBERTVILLEMI0 MI Card: ****9706 07/13/2011,-7.24,0.00,1011.95
9 - CHECKING,07/12/2011,Purchase CHK PUR: 17 22OREILLY AUTO PART S 330 5737 LEWIS AVENUE TOLEDO OH5 OH Card: ****0544 07/12/2011,-13.87,0.00,1019.19
9 - CHECKING,07/12/2011,Purchase CHK PUR: 17570100 13AUTOZONE 1757 223 6 W ALEXIS R TOLEDO OH0 OH Card: ****0544 07/12/2011,-5.32,0.00,1033.06
9 - CHECKING,07/12/2011,Purchase CHK PUR: 17570100 13AUTOZONE 1757 223 6 W ALEXIS R TOLEDO OH0 OH Card: ****0544 07/12/2011,-5.53,0.00,1038.38
9 - CHECKING,07/12/2011,Purchase CHK PUR: LK562519 14LAMBERTVILLE D 81 00 SECOR ROAD LAMBERTVILLEMI0 MI Card: ****0544 07/12/2011,-7.94,0.00,1043.91
9 - CHECKING,07/12/2011,Purchase CHK PUR: 025 22OREILLY AUTO 000 22632 OREILLY AUTO 000 LAMBERTVILLEMII MI Card: ****0544 07/11/2011,-42.39,0.00,1051.85
9 - CHECKING,07/12/2011,Withdrawal MICHIGAN GAS ONLINE PMT EFT TRANSACTION,-39.19,0.00,1094.24
9 - CHECKING,07/12/2011,Purchase CHK PUR: 30069148 21AUNT MILLIES BAKE RY - AUNT MILLIES BAKER TEMPERANCE MII MI Card: ****9706 07/09/2011,-3.07,0.00,1133.43
9 - CHECKING,07/11/2011,Purchase CHK PUR: 42506701 17SUNOCO 0104611900 1225 DEXTER ST MILAN MI4 MI Card: ****0544 07/11/2011,-39.25,0.00,1136.50
9 - CHECKING,07/11/2011,Withdrawal WELLS FARGO DLR FEE PMTS EFT TRANSACTION,-261.76,0.00,1175.75
9 - CHECKING,07/11/2011,Withdrawal CHASE EPAY EFT TRANSACTION,-66.24,0.00,1437.51
9 - CHECKING,07/11/2011,Purchase CHK PUR: 6932 22CIOLINO MARKET TE MPERA CIOLINO MARKET-TE TEMPERANCE MIA MI Card: ****9706 07/09/2011,-14.35,0.00,1503.75
9 - CHECKING,07/10/2011,Purchase CHK PUR: 99999999 10APL ITUNES APL IT 866 712 7753CAX CA Card: ****0544 07/09/2011,-3.16,0.00,1518.10
9 - CHECKING,07/09/2011,Purchase CHK PUR: KCO86482 06KROGER 3462 W STE RNS RD LAMBERTVILLEMI0 MI Card: ****9706 07/09/2011,-8.47,0.00,1521.26
9 - CHECKING,07/09/2011,Purchase CHK PUR: 001 12LOWE S 1659 1136 WEST ALEXIS R TOLEDO OH6 OH Card: ****0544 07/09/2011,-14.37,0.00,1529.73
9 - CHECKING,07/08/2011,Purchase CHK PUR: KCO86484 06KROGER 3462 W STE RNS RD LAMBERTVILLEMI0 MI Card: ****0544 07/08/2011,-0.80,0.00,1544.10
9 - CHECKING,07/07/2011,Purchase CHK PUR: 99999999 16MCDONALD S F7010 ANN ARBOR MIR MI Card: ****0544 07/06/2011,-2.32,0.00,1544.90
9 - CHECKING,07/07/2011,Withdrawal THE STUDENT LOAN SLPAYMENTS EFT TRANSACTION,-120.58,0.00,1547.22
9 - CHECKING,07/07/2011,Purchase CHK PUR: 99999999 19MCDONALD S M7335 OF MCDONALD S M7335 O LAMBERTVILLEMIE MI Card: ****0544 07/05/2011,-2.12,0.00,1667.80
9 - CHECKING,07/06/2011,Purchase CHK PUR: GT653610 14GIANT EAGLE IN 69 30 W CENTRAL AVE TOLEDO OH0 OH Card: ****9706 07/06/2011,-17.20,0.00,1669.92
9 - CHECKING,07/06/2011,Purchase CHK PUR: GT653610 14GIANT EAGLE IN 69 30 W CENTRAL AVE TOLEDO OH0 OH Card: ****9706 07/06/2011,-55.07,0.00,1687.12
9 - CHECKING,07/06/2011,Purchase CHK PUR: 001 22SUBWAY 001 03945 SUBWAY 001 LAMBERTVILLEMIF MI Card: ****0544 07/05/2011,-11.66,0.00,1742.19
9 - CHECKING,07/06/2011,Purchase CHK PUR: 11 22OREILLY AUTO PART S 226 7460 SECOR ROAD LAMBERTVILLEMI1 MI Card: ****0544 07/06/2011,-7.72,0.00,1753.85
9 - CHECKING,07/06/2011,Purchase CHK PUR: 42506701 17SUNOCO 0104611900 1225 DEXTER ST MILAN MI5 MI Card: ****0544 07/06/2011,-40.00,0.00,1761.57
9 - CHECKING,07/06/2011,Purchase CHK PUR: 99999999 17MCDONALD S F13841 ANN ARBOR MIA MI Card: ****0544 07/05/2011,-3.58,0.00,1801.57
9 - CHECKING,07/06/2011,Withdrawal SALLIE MAE SLMA DEBIT EFT TRANSACTION,-57.92,0.00,1805.15
9 - CHECKING,07/05/2011,Purchase CHK PUR: 00290008 10OFFICE MAX 27777 OAK VALLEY ANN ARBOR MI0 MI Card: ****0544 07/05/2011,-10.00,0.00,1863.07
9 - CHECKING,07/05/2011,Purchase CHK PUR: 8761 20LIL JOHNS FIREWO RKS LIL JOHNS FIREWOR LAMBERTVILLEMIJ MI Card: ****0544 07/04/2011,-47.60,0.00,1873.07
9 - CHECKING,07/04/2011,Purchase CHK PUR: KCO86485 06KROGER 3462 W STE RNS RD LAMBERTVILLEMI0 MI Card: ****0544 07/04/2011,-41.00,0.00,1920.67
9 - CHECKING,07/03/2011,Purchase CHK PUR: KCO86485 06KROGER 3462 W STE RNS RD LAMBERTVILLEMI0 MI Card: ****0544 07/03/2011,-6.29,0.00,1961.67
9 - CHECKING,07/02/2011,Purchase CHK PUR: 99999999 17MCDONALD S F13841 ANN ARBOR MIL MI Card: ****0544 07/01/2011,-5.06,0.00,1967.96
9 - CHECKING,07/01/2011,Purchase CHK PUR: 00290008 10OFFICE MAX 27777 OAK VALLEY ANN ARBOR MI0 MI Card: ****0544 07/01/2011,-2.50,0.00,1973.02
9 - CHECKING,07/01/2011,Purchase CHK PUR: 99999999 16MCDONALD S F7010 ANN ARBOR MIC MI Card: ****0544 06/30/2011,-2.52,0.00,1975.52
9 - CHECKING,07/01/2011,Purchase CHK PUR: KC686400 06KROGER 7405 SECOR RD LAMBERTVILLEMI9 MI Card: ****0544 07/01/2011,-36.75,0.00,1978.04
9 - CHECKING,07/01/2011,Withdrawal LARSENBILLINGSER AUTOPAY EFT TRANSACTION,-200.00,0.00,2014.79
9 - CHECKING,07/01/2011,Purchase CHK PUR: 6938 22CIOLINO MARKET TE MPERA CIOLINO MARKET-TE TEMPERANCE MIE MI Card: ****9706 06/30/2011,-8.89,0.00,2214.79
9 - CHECKING,07/01/2011,Purchase CHK PUR: KCO86405 06KROGER 3462 W STE RNS RD LAMBERTVILLEMI0 MI Card: ****9706 06/30/2011,-90.96,0.00,2223.68
9 - CHECKING,06/30/2011,Annual Percentage Yield Earned: 0.10% 01Jun11 - 30Jun11,0.00,0.00,2314.64
9 - CHECKING,06/30/2011,Deposit Dividend,0.13,0.00,2314.64
9 - CHECKING,06/30/2011,Purchase CHK PUR: 30409097 14USPS 255240014 US PS 2552400144 LAMBERTVILLEMI0 MI Card: ****9706 06/30/2011,-10.74,0.00,2314.51
9 - CHECKING,06/30/2011,Deposit SYSTEMS IN MOTIO DIRECT DEP EFT TRANSACTION,2000.65,0.00,2325.25
9 - CHECKING,06/29/2011,Purchase CHK PUR: GT653609 14GIANT EAGLE IN 69 30 W CENTRAL AVE TOLEDO OH0 OH Card: ****9706 06/29/2011,-79.81,0.00,324.60
9 - CHECKING,06/29/2011,Purchase CHK PUR: 30409098 14USPS 255240014 US PS 2552400144 LAMBERTVILLEMI0 MI Card: ****9706 06/29/2011,-17.06,0.00,404.41
9 - CHECKING,06/28/2011,Purchase CHK PUR: 99999999 10APL ITUNES APL IT 866 712 7753CAY CA Card: ****0544 06/28/2011,-2.10,0.00,421.47
9 - CHECKING,06/28/2011,Purchase CHK PUR: KC681000 06KROGER 841 W ALE XIS TOLEDO OH0 OH Card: ****0544 06/28/2011,-54.14,0.00,423.57
9 - CHECKING,06/27/2011,Purchase CHK PUR: 30409098 14USPS 255240014 US PS 2552400144 LAMBERTVILLEMI0 MI Card: ****9706 06/27/2011,-9.80,0.00,477.71
9 - CHECKING,06/27/2011,Purchase CHK PUR: KC686400 06KROGER 7405 SECOR RD LAMBERTVILLEMI9 MI Card: ****0544 06/27/2011,-30.18,0.00,487.51
9 - CHECKING,06/27/2011,Withdrawal AES STDNT LOAN EFT TRANSACTION,-52.47,0.00,517.69
9 - CHECKING,06/26/2011,Purchase CHK PUR: KCO86486 06KROGER 3462 W STE RNS RD LAMBERTVILLEMI0 MI Card: ****0544 06/26/2011,-10.00,0.00,570.16
9 - CHECKING,06/25/2011,Purchase CHK PUR: 99999999 16MCDONALD S F7010 ANN ARBOR MIK MI Card: ****0544 06/24/2011,-3.58,0.00,580.16
9 - CHECKING,06/24/2011,Purchase CHK PUR: KCO86404 06KROGER 3462 W STE RNS RD LAMBERTVILLEMI0 MI Card: ****9706 06/24/2011,-26.29,0.00,583.74
9 - CHECKING,06/23/2011,Purchase CHK PUR: 6938 22CIOLINO MARKET TE MPERA CIOLINO MARKET-TE TEMPERANCE MIY MI Card: ****9706 06/22/2011,-9.66,0.00,610.03
9 - CHECKING,06/22/2011,Purchase CHK PUR: KCO86481 06KROGER 3462 W STE RNS RD LAMBERTVILLEMI0 MI Card: ****0544 06/22/2011,-10.59,0.00,619.69
9 - CHECKING,06/22/2011,Purchase CHK PUR: KCO86407 06KROGER 3462 W STE RNS RD LAMBERTVILLEMI0 MI Card: ****9706 06/22/2011,-33.85,0.00,630.28
9 - CHECKING,06/21/2011,Purchase CHK PUR: 99999999 10VIVINT RBS VIVINT PROVO UTY UT Card: ****0544 06/20/2011,-39.99,0.00,664.13
9 - CHECKING,06/21/2011,Purchase CHK PUR: GT653610 14GIANT EAGLE IN 69 30 W CENTRAL AVE TOLEDO OH0 OH Card: ****9706 06/21/2011,-67.04,0.00,704.12
9 - CHECKING,06/21/2011,Purchase CHK PUR: 99999999 16MCDONALD S F7010 ANN ARBOR MIA MI Card: ****0544 06/20/2011,-4.44,0.00,771.16
9 - CHECKING,06/21/2011,Withdrawal STATE FARM RO 08 SFPP EFT TRANSACTION,-196.76,0.00,775.60
9 - CHECKING,06/21/2011,Withdrawal BP SOUTH CENTRAL BILL PMT EFT TRANSACTION,-104.38,0.00,972.36
9 - CHECKING,06/20/2011,Purchase CHK PUR: 010 22PIZZA HUT 3166031 66204 PIZZA HUT 3166031 LAMBERTVILLEMIT MI Card: ****0544 06/19/2011,-13.78,0.00,1076.74
9 - CHECKING,06/20/2011,Purchase CHK PUR: 39991101 21SHELL SERVICE STA tion SHELL DUNDEE MI1 MI Card: ****0544 06/20/2011,-37.50,0.00,1090.52
9 - CHECKING,06/20/2011,Withdrawal CHASE EPAY EFT TRANSACTION,-1.50,0.00,1128.02
9 - CHECKING,06/20/2011,Purchase CHK PUR: 0059 18ATTM 18800614571 7 ATTM 188006145717 08003310500 TXU TX Card: ****0544 06/18/2011,-142.12,0.00,1129.52
9 - CHECKING,06/19/2011,Purchase CHK PUR: LK562519 14LAMBERTVILLE D 81 00 SECOR ROAD LAMBERTVILLEMI0 MI Card: ****0544 06/19/2011,-4.85,0.00,1271.64
9 - CHECKING,06/19/2011,Purchase CHK PUR: KCO86482 06KROGER 3462 W STE RNS RD LAMBERTVILLEMI0 MI Card: ****9706 06/19/2011,-5.00,0.00,1276.49
9 - CHECKING,06/19/2011,Purchase CHK PUR: KCO86406 06KROGER 3462 W STE RNS RD LAMBERTVILLEMI0 MI Card: ****0544 06/19/2011,-10.00,0.00,1281.49
9 - CHECKING,06/18/2011,Purchase CHK PUR: KCO86486 06KROGER 3462 W STE RNS RD LAMBERTVILLEMI0 MI Card: ****0544 06/18/2011,-4.00,0.00,1291.49
9 - CHECKING,06/17/2011,Purchase CHK PUR: LK562519 14LAMBERTVILLE D 81 00 SECOR ROAD LAMBERTVILLEMI0 MI Card: ****0544 06/17/2011,-6.28,0.00,1295.49
9 - CHECKING,06/17/2011,Withdrawal Check # 1584 Trace: 91435084,-1100.00,0.00,1301.77
9 - CHECKING,06/17/2011,Withdrawal CONSUMERS ENERGY ENERGYBILL EFT TRANSACTION,-221.11,0.00,2401.77
9 - CHECKING,06/17/2011,Purchase CHK PUR: 6932 22CIOLINO MARKET TE MPERA CIOLINO MARKET-TE TEMPERANCE MII MI Card: ****9706 06/16/2011,-9.11,0.00,2622.88
9 - CHECKING,06/16/2011,Withdrawal Check # 1585 Trace: 91063274,-50.00,0.00,2631.99
9 - CHECKING,06/16/2011,Purchase CHK PUR: KC686400 06KROGER 7405 SECOR RD LAMBERTVILLEMI9 MI Card: ****0544 06/16/2011,-34.24,0.00,2681.99
9 - CHECKING,06/15/2011,Purchase CHK PUR: GT653610 14GIANT EAGLE IN 69 30 W CENTRAL AVE TOLEDO OH0 OH Card: ****9706 06/15/2011,-32.32,0.00,2716.23
9 - CHECKING,06/15/2011,Purchase CHK PUR: 99999999 17MCDONALD S F13841 ANN ARBOR MIX MI Card: ****0544 06/14/2011,-5.06,0.00,2748.55
9 - CHECKING,06/15/2011,Withdrawal AES STDNT LOAN EFT TRANSACTION,-138.36,0.00,2753.61
9 - CHECKING,06/15/2011,Withdrawal AES STDNT LOAN EFT TRANSACTION,-104.94,0.00,2891.97
9 - CHECKING,06/15/2011,Withdrawal AES STDNT LOAN EFT TRANSACTION,-276.72,0.00,2996.91
9 - CHECKING,06/15/2011,Deposit SYSTEMS IN MOTIO DIRECT DEP EFT TRANSACTION,2000.63,0.00,3273.63
9 - CHECKING,06/14/2011,Purchase CHK PUR: 99999999 17KROGER FUEL 6511 TOLEDO OHL OH Card: ****9706 06/13/2011,-52.83,0.00,1273.00
9 - CHECKING,06/14/2011,Withdrawal CHASE EPAY EFT TRANSACTION,-6.68,0.00,1325.83
9 - CHECKING,06/13/2011,Withdrawal Xfer Acct: 303610-1 019 9 Loan,-182.31,0.00,1332.51
9 - CHECKING,06/13/2011,Withdrawal Xfer Acct: 303610-1 019 9 Loan,-9.01,0.00,1514.82
9 - CHECKING,06/13/2011,Purchase CHK PUR: KC686400 06KROGER 7405 SECOR RD LAMBERTVILLEMI9 MI Card: ****0544 06/13/2011,-29.47,0.00,1523.83
9 - CHECKING,06/13/2011,Withdrawal WELLS FARGO DLR FEE PMTS EFT TRANSACTION,-261.76,0.00,1553.30
9 - CHECKING,06/12/2011,Purchase CHK PUR: 100 22TACO BELL 383000 38364 TACO BELL 383000 ANN ARBOR MIM MI Card: ****0544 06/09/2011,-6.13,0.00,1815.06
9 - CHECKING,06/12/2011,Purchase CHK PUR: KCO86484 06KROGER 3462 W STE RNS RD LAMBERTVILLEMI0 MI Card: ****0544 06/12/2011,-30.00,0.00,1821.19
9 - CHECKING,06/11/2011,Purchase CHK PUR: KCO86409 06KROGER 3462 W STE RNS RD LAMBERTVILLEMI0 MI Card: ****0544 06/11/2011,-27.57,0.00,1851.19
9 - CHECKING,06/11/2011,Purchase CHK PUR: KCO86481 06KROGER 3462 W STE RNS RD LAMBERTVILLEMI0 MI Card: ****0544 06/11/2011,-51.00,0.00,1878.76
9 - CHECKING,06/11/2011,Purchase CHK PUR: 99999999 19BUCKEYE CABLESYST EM BUCKEYE CABLESYSTE 419 724 9800OHQ OH Card: ****0544 06/10/2011,-125.57,0.00,1929.76
9 - CHECKING,06/11/2011,Purchase CHK PUR: LK872183 18TIFFANY S PIZZA C O TIFFANY S PIZZA CO LAMBERTVILLEMIK MI Card: ****0544 06/10/2011,-13.76,0.00,2055.33
9 - CHECKING,06/09/2011,Purchase CHK PUR: 3889 21ATAFA COM OPENTIP COM ATAFA COM OPENTIP 07815837548 MAM MA Card: ****0544 06/09/2011,-25.67,0.00,2069.09
9 - CHECKING,06/09/2011,Purchase CHK PUR: 001 22SUBWAY 001 03945 SUBWAY 001 LAMBERTVILLEMIE MI Card: ****0544 06/08/2011,-11.66,0.00,2094.76
9 - CHECKING,06/09/2011,Withdrawal MICHIGAN GAS ONLINE PMT EFT TRANSACTION,-68.80,0.00,2106.42
9 - CHECKING,06/08/2011,Purchase CHK PUR: KCO86409 06KROGER 3462 W STE RNS RD LAMBERTVILLEMI0 MI Card: ****9706 06/08/2011,-57.10,0.00,2175.22
9 - CHECKING,06/08/2011,Purchase CHK PUR: 06220080 22TARGET T0622 TOLE DO NE 817 West Alexis R TOLEDO OH0 OH Card: ****9706 06/08/2011,-53.56,0.00,2232.32
9 - CHECKING,06/08/2011,Purchase CHK PUR: 06351949 21PETCO ANIMAL SUPP LIES 5027 MONROE ST TOLEDO OH0 OH Card: ****9706 06/08/2011,-25.27,0.00,2285.88
9 - CHECKING,06/08/2011,Purchase CHK PUR: 99999999 16MCDONALD S F7010 ANN ARBOR MIU MI Card: ****0544 06/07/2011,-4.44,0.00,2311.15
9 - CHECKING,06/08/2011,Purchase CHK PUR: 003LUV06 14STATE PETRO IN 36 50 S STATE ST ANN ARBOR MI9 MI Card: ****0544 06/08/2011,-39.84,0.00,2315.59
9 - CHECKING,06/07/2011,Purchase CHK PUR: KCO86407 06KROGER 3462 W STE RNS RD LAMBERTVILLEMI0 MI Card: ****9706 06/07/2011,-26.80,0.00,2355.43
9 - CHECKING,06/07/2011,Purchase CHK PUR: KCO86407 06KROGER 3462 W STE RNS RD LAMBERTVILLEMI0 MI Card: ****9706 06/07/2011,-156.90,0.00,2382.23
9 - CHECKING,06/07/2011,Purchase CHK PUR: LK562519 14LAMBERTVILLE D 81 00 SECOR ROAD LAMBERTVILLEMI0 MI Card: ****9706 06/07/2011,-14.43,0.00,2539.13
9 - CHECKING,06/07/2011,Withdrawal THE STUDENT LOAN SLPAYMENTS EFT TRANSACTION,-120.58,0.00,2553.56
9 - CHECKING,06/06/2011,Withdrawal SALLIE MAE SLMA DEBIT EFT TRANSACTION,-57.92,0.00,2674.14
9 - CHECKING,06/04/2011,Purchase CHK PUR: KCO86481 06KROGER 3462 W STE RNS RD LAMBERTVILLEMI0 MI Card: ****0544 06/04/2011,-19.39,0.00,2732.06
9 - CHECKING,06/03/2011,Purchase CHK PUR: 39991101 21SHELL SERVICE STA tion SHELL DUNDEE MI4 MI Card: ****0544 06/03/2011,-39.63,0.00,2751.45
9 - CHECKING,06/03/2011,Purchase CHK PUR: 99999999 16MCDONALD S F7010 ANN ARBOR MIU MI Card: ****0544 06/02/2011,-2.52,0.00,2791.08
9 - CHECKING,06/02/2011,Purchase CHK PUR: 99999999 10APL ITUNES APL IT 866 712 7753CA7 CA Card: ****0544 06/02/2011,-1.05,0.00,2793.60
9 - CHECKING,06/02/2011,Deposit ,618.60,0.00,2794.65
9 - CHECKING,06/02/2011,Purchase CHK PUR: 16916176 22SEC OF STATE KIOS K 116 SEC OF STATE KIOS 517 3350436 MIM MI Card: ****0544 06/02/2011,-119.00,0.00,2176.05
9 - CHECKING,06/02/2011,Purchase CHK PUR: 16916176 22SEC OF STATE KIOS K 116 SEC OF STATE KIOS 517 3350436 MIJ MI Card: ****0544 06/02/2011,-71.00,0.00,2295.05
9 - CHECKING,06/02/2011,Purchase CHK PUR: 99999999 16MCDONALD S F7010 ANN ARBOR MIO MI Card: ****0544 06/01/2011,-2.52,0.00,2366.05
9 - CHECKING,06/01/2011,Withdrawal LARSENBILLINGSER AUTOPAY EFT TRANSACTION,-200.00,0.00,2368.57
9 - CHECKING,06/01/2011,Purchase CHK PUR: KCO86486 06KROGER 3462 W STE RNS RD LAMBERTVILLEMI0 MI Card: ****0544 05/31/2011,-3.39,0.00,2568.57
9 - CHECKING,06/01/2011,Purchase CHK PUR: KC686400 06KROGER 7405 SECOR RD LAMBERTVILLEMI9 MI Card: ****0544 05/31/2011,-35.89,0.00,2571.96
9 - CHECKING,05/31/2011,Annual Percentage Yield Earned: 0.10% 01May11 - 31May11,0.00,0.00,2607.85
9 - CHECKING,05/31/2011,Deposit Dividend,0.16,0.00,2607.85
9 - CHECKING,05/31/2011,Purchase CHK PUR: KCO86407 06KROGER 3462 W STE RNS RD LAMBERTVILLEMI0 MI Card: ****9706 05/31/2011,-62.70,0.00,2607.69
9 - CHECKING,05/31/2011,Deposit SYSTEMS IN MOTIO DIRECT DEP EFT TRANSACTION,2000.65,0.00,2670.39
9 - CHECKING,05/30/2011,Purchase CHK PUR: 001 12LOWE S 1659 1136 WEST ALEXIS R TOLEDO OH8 OH Card: ****0544 05/30/2011,-29.98,0.00,669.74
9 - CHECKING,05/30/2011,Deposit Xfer Acct: 303610-1 191 3 Share,172.47,0.00,699.72
9 - CHECKING,05/30/2011,Deposit Xfer Acct: 303610-1 001 3 Share,230.43,0.00,527.25
9 - CHECKING,05/30/2011,Purchase CHK PUR: 001 12LOWE S 1659 1136 WEST ALEXIS R TOLEDO OH9 OH Card: ****0544 05/30/2011,-35.13,0.00,296.82
9 - CHECKING,05/30/2011,Purchase CHK PUR: 99999999 19MCDONALD S M7736 OF MCDONALD S M7736 O BELVIDERE ILL IL Card: ****0544 05/28/2011,-6.41,0.00,331.95
9 - CHECKING,05/30/2011,Purchase CHK PUR: 99999999 19MCDONALD S M7736 OF MCDONALD S M7736 O BELVIDERE ILL IL Card: ****0544 05/28/2011,-7.97,0.00,338.36
9 - CHECKING,05/29/2011,Purchase CHK PUR: 73544268 12WIZARD QUEST WIZA WISCONSIN DEWII WI Card: ****0544 05/27/2011,-13.84,0.00,346.33
9 - CHECKING,05/29/2011,Purchase CHK PUR: 83256001 08CK 6205 4117 POR TAGE KALAMAZOO MI3 MI Card: ****9706 05/29/2011,-63.90,0.00,360.17
9 - CHECKING,05/28/2011,Purchase CHK PUR: 07751787 20KMART 7 498 750 INDIAN BOUNDAR CHESTERTON IN0 IN Card: ****0544 05/28/2011,-10.25,0.00,424.07
9 - CHECKING,05/27/2011,Purchase CHK PUR: 99999999 16KALAHARI RESORTS WISC DELLS WI0 WI Card: ****0544 05/25/2011,-17.00,0.00,434.32
9 - CHECKING,05/26/2011,Purchase CHK PUR: 35050014 21WAL MART SUPER CE nter 3505 WAL-SAMS LAKE DELTON WI4 WI Card: ****0544 05/26/2011,-28.37,0.00,451.32
9 - CHECKING,05/26/2011,Withdrawal Check # 1583 Trace: 92432900,-2134.00,0.00,479.69
9 - CHECKING,05/26/2011,Purchase CHK PUR: 99999999 22KALAHARI RESORT I NDOOR KALAHARI RESORT I WISCONSIN DEWIV WI Card: ****0544 05/25/2011,-2.00,0.00,2613.69
9 - CHECKING,05/26/2011,Purchase CHK PUR: 99999999 22KALAHARI RESORT I NDOOR KALAHARI RESORT I WISCONSIN DEWIP WI Card: ****0544 05/25/2011,-10.00,0.00,2615.69
9 - CHECKING,05/25/2011,Purchase CHK PUR: 99999999 16MCDONALD S F5870 BARABOO WIN WI Card: ****0544 05/24/2011,-15.88,0.00,2625.69
9 - CHECKING,05/25/2011,Purchase CHK PUR: 70268112 19CIRCUS WORLD MUSE UM CIRCUS WORLD MUSEU BARABOO WIL WI Card: ****9706 05/24/2011,-3.11,0.00,2641.57
9 - CHECKING,05/25/2011,Withdrawal AES STDNT LOAN EFT TRANSACTION,-52.47,0.00,2644.68
9 - CHECKING,05/23/2011,Withdrawal Check # 1582 Trace: 91162668,-92.99,0.00,2697.15
9 - CHECKING,05/23/2011,Withdrawal STATE FARM RO 08 SFPP EFT TRANSACTION,-196.76,0.00,2790.14
9 - CHECKING,05/23/2011,Withdrawal BP SOUTH CENTRAL BILL PMT EFT TRANSACTION,-104.38,0.00,2986.90
9 - CHECKING,05/23/2011,Purchase CHK PUR: 99999999 10VIVINT RBS VIVINT PROVO UTR UT Card: ****0544 05/20/2011,-39.99,0.00,3091.28
9 - CHECKING,05/22/2011,Purchase CHK PUR: 13709897 18INDIANA TOLL ROAD S INDIANA TOLL ROADS 8668995849 PAR PA Card: ****0544 05/21/2011,-5.50,0.00,3131.27
9 - CHECKING,05/22/2011,Purchase CHK PUR: 99999999 19MARATHON OIL 0391 23 MARATHON OIL 03912 MONTPELIER OHO OH Card: ****9706 05/20/2011,-39.26,0.00,3136.77
9 - CHECKING,05/21/2011,Purchase CHK PUR: 40651601 21SHELL SERVICE STA tion SHELL EDGERTON WI6 WI Card: ****9706 05/21/2011,-50.45,0.00,3176.03
9 - CHECKING,05/21/2011,Purchase CHK PUR: 99999999 16MCDONALD S F7010 ANN ARBOR MIY MI Card: ****0544 05/20/2011,-3.58,0.00,3226.48
9 - CHECKING,05/20/2011,Purchase CHK PUR: KCO86482 06KROGER 3462 W STE RNS RD LAMBERTVILLEMI0 MI Card: ****0544 05/20/2011,-60.39,0.00,3230.06
9 - CHECKING,05/20/2011,Purchase CHK PUR: 99999999 16MCDONALD S F7010 ANN ARBOR MIX MI Card: ****0544 05/19/2011,-3.58,0.00,3290.45
9 - CHECKING,05/20/2011,Purchase CHK PUR: KCO86482 06KROGER 3462 W STE RNS RD LAMBERTVILLEMI0 MI Card: ****0544 05/20/2011,-56.30,0.00,3294.03
9 - CHECKING,05/20/2011,Purchase CHK PUR: 99999999 22TIREMAN AUTO SVC CTR TIREMAN AUTO SVC C TOLEDO OHE OH Card: ****9706 05/19/2011,-108.89,0.00,3350.33
9 - CHECKING,05/20/2011,Purchase CHK PUR: 0002 15STATE PETRO INC S ANN ARBOR MIL MI Card: ****0544 05/19/2011,-3.98,0.00,3459.22
9 - CHECKING,05/19/2011,Purchase CHK PUR: 010 22PIZZA HUT 3166031 66204 PIZZA HUT 3166031 LAMBERTVILLEMIL MI Card: ****0544 05/18/2011,-12.72,0.00,3463.20
9 - CHECKING,05/19/2011,Purchase CHK PUR: KCO86481 06KROGER 3462 W STE RNS RD LAMBERTVILLEMI0 MI Card: ****0544 05/19/2011,-3.17,0.00,3475.92
9 - CHECKING,05/19/2011,Withdrawal Check # 1580 Trace: 90260128,-1100.00,0.00,3479.09
9 - CHECKING,05/19/2011,Withdrawal Check # 1581 Trace: 90322844,-87.08,0.00,4579.09
9 - CHECKING,05/19/2011,Deposit ,3029.00,0.00,4666.17
9 - CHECKING,05/19/2011,Purchase CHK PUR: 06220078 22TARGET T0622 TOLE DO NE 817 West Alexis R TOLEDO OH0 OH Card: ****9706 05/19/2011,-38.15,0.00,1637.17
9 - CHECKING,05/19/2011,Purchase CHK PUR: 0059 18ATTM 18800614571 7 ATTM 188006145717 08003310500 TXR TX Card: ****0544 05/18/2011,-142.75,0.00,1675.32
9 - CHECKING,05/19/2011,Purchase CHK PUR: 99999999 16MCDONALD S F7010 ANN ARBOR MIS MI Card: ****0544 05/18/2011,-6.12,0.00,1818.07
9 - CHECKING,05/19/2011,Purchase CHK PUR: KC686400 06KROGER 7405 SECOR RD LAMBERTVILLEMI9 MI Card: ****0544 05/19/2011,-32.13,0.00,1824.19
9 - CHECKING,05/19/2011,Withdrawal CONSUMERS ENERGY ENERGYBILL EFT TRANSACTION,-179.00,0.00,1856.32
9 - CHECKING,05/18/2011,Purchase CHK PUR: 99999999 10APL ITUNES APL IT 866 712 7753CAY CA Card: ****0544 05/18/2011,-5.29,0.00,2035.32
9 - CHECKING,05/18/2011,Purchase CHK PUR: KCO86404 06KROGER 3462 W STE RNS RD LAMBERTVILLEMI0 MI Card: ****9706 05/18/2011,-82.74,0.00,2040.61
9 - CHECKING,05/18/2011,Purchase CHK PUR: 00633357 13RITE AID CORP 735 8 SECOR RD LAMBERTVILLEMI9 MI Card: ****9706 05/18/2011,-4.75,0.00,2123.35
9 - CHECKING,05/18/2011,Purchase CHK PUR: 00633357 13RITE AID CORP 735 8 SECOR RD LAMBERTVILLEMI6 MI Card: ****9706 05/18/2011,-19.00,0.00,2128.10
9 - CHECKING,05/18/2011,Purchase CHK PUR: 99999999 16MCDONALD S F7010 ANN ARBOR MIF MI Card: ****0544 05/17/2011,-3.58,0.00,2147.10
9 - CHECKING,05/17/2011,Purchase CHK PUR: 00186890 09TOYS R US 5820 AL EXIS ROAD TOLEDO OH0 OH Card: ****0544 05/17/2011,-137.01,0.00,2150.68
9 - CHECKING,05/17/2011,Purchase CHK PUR: KCO86406 06KROGER 3462 W STE RNS RD LAMBERTVILLEMI0 MI Card: ****0544 05/17/2011,-1.00,0.00,2287.69
9 - CHECKING,05/17/2011,Purchase CHK PUR: 001 22BORDERS BOOKS 010 06535 BORDERS BOOKS 010 TOLEDO OHA OH Card: ****9706 05/16/2011,-11.52,0.00,2288.69
9 - CHECKING,05/17/2011,Purchase CHK PUR: 99999999 16MCDONALD S F7010 ANN ARBOR MID MI Card: ****0544 05/16/2011,-5.50,0.00,2300.21
9 - CHECKING,05/17/2011,Withdrawal WELLS FARGO DLR FEE PMTS EFT TRANSACTION,-261.76,0.00,2305.71
9 - CHECKING,05/16/2011,Purchase CHK PUR: LK757257 14KIDS STOP THE KI TOLEDO OHG OH Card: ****9706 05/16/2011,-16.55,0.00,2567.47
9 - CHECKING,05/16/2011,Purchase CHK PUR: 003LUV06 14STATE PETRO IN 36 50 S STATE ST ANN ARBOR MI9 MI Card: ****0544 05/16/2011,-41.81,0.00,2584.02
9 - CHECKING,05/16/2011,Purchase CHK PUR: 30407397 14USPS 259190018 US PS 2591900182 TEMPERANCE MI0 MI Card: ****9706 05/16/2011,-8.80,0.00,2625.83
9 - CHECKING,05/16/2011,Withdrawal AES STDNT LOAN EFT TRANSACTION,-138.36,0.00,2634.63
9 - CHECKING,05/15/2011,Purchase CHK PUR: 99999999 17MCDONALD S F13401 TOLEDO OHZ OH Card: ****0544 05/14/2011,-3.38,0.00,2772.99
9 - CHECKING,05/15/2011,Purchase CHK PUR: KCO86484 06KROGER 3462 W STE RNS RD LAMBERTVILLEMI0 MI Card: ****0544 05/15/2011,-23.80,0.00,2776.37
9 - CHECKING,05/14/2011,Purchase CHK PUR: KCO51182 06KROGER 4925 JACKM AN RD TOLEDO OH0 OH Card: ****0544 05/14/2011,-8.38,0.00,2800.17
9 - CHECKING,05/14/2011,Purchase CHK PUR: KCO86407 06KROGER 3462 W STE RNS RD LAMBERTVILLEMI0 MI Card: ****9706 05/14/2011,-49.55,0.00,2808.55
9 - CHECKING,05/14/2011,Purchase CHK PUR: 99999999 16MCDONALD S F7010 ANN ARBOR MIU MI Card: ****0544 05/13/2011,-5.50,0.00,2858.10
9 - CHECKING,05/13/2011,Purchase CHK PUR: 010 22PIZZA HUT 3166031 66204 PIZZA HUT 3166031 LAMBERTVILLEMIP MI Card: ****0544 05/12/2011,-12.72,0.00,2863.60
9 - CHECKING,05/13/2011,Purchase CHK PUR: 003LUV06 14STATE PETRO IN 36 50 S STATE ST ANN ARBOR MI9 MI Card: ****0544 05/13/2011,-5.47,0.00,2876.32
9 - CHECKING,05/13/2011,Deposit SYSTEMS IN MOTIO DIRECT DEP EFT TRANSACTION,2000.64,0.00,2881.79
9 - CHECKING,05/12/2011,Purchase CHK PUR: KC686400 06KROGER 7405 SECOR RD LAMBERTVILLEMI9 MI Card: ****0544 05/12/2011,-38.45,0.00,881.15
9 - CHECKING,05/12/2011,Purchase CHK PUR: 99999999 22BANNER MATTRESS C O INC BANNER MATTRESS C TOLEDO OHU OH Card: ****0544 05/10/2011,-74.67,0.00,919.60
9 - CHECKING,05/11/2011,Withdrawal MICHIGAN GAS ONLINE PMT EFT TRANSACTION,-127.06,0.00,994.27
9 - CHECKING,05/11/2011,Purchase CHK PUR: 99999999 17KROGER FUEL 6864 LAMBERTVILLEMIU MI Card: ****9706 05/10/2011,-74.00,0.00,1121.33
9 - CHECKING,05/10/2011,Deposit ,24.00,0.00,1195.33
9 - CHECKING,05/09/2011,Purchase CHK PUR: KC686400 06KROGER 7405 SECOR RD LAMBERTVILLEMI9 MI Card: ****0544 05/09/2011,-39.00,0.00,1171.33
9 - CHECKING,05/09/2011,Withdrawal THE STUDENT LOAN SLPAYMENTS EFT TRANSACTION,-120.58,0.00,1210.33
9 - CHECKING,05/09/2011,Purchase CHK PUR: 99999999 10APL ITUNES APL IT 866 712 7753CAP CA Card: ****0544 05/07/2011,-3.16,0.00,1330.91
9 - CHECKING,05/08/2011,Purchase CHK PUR: KCO86410 06KROGER 3462 W STE RNS RD LAMBERTVILLEMI0 MI Card: ****9706 05/08/2011,-23.80,0.00,1334.07
9 - CHECKING,05/07/2011,Purchase CHK PUR: KCO86404 06KROGER 3462 W STE RNS RD LAMBERTVILLEMI0 MI Card: ****9706 05/07/2011,-13.80,0.00,1357.87
9 - CHECKING,05/07/2011,Purchase CHK PUR: KCO86404 06KROGER 3462 W STE RNS RD LAMBERTVILLEMI0 MI Card: ****9706 05/07/2011,-17.53,0.00,1371.67
9 - CHECKING,05/07/2011,Purchase CHK PUR: 99999999 17MCDONALD S F13841 ANN ARBOR MIJ MI Card: ****0544 05/06/2011,-3.79,0.00,1389.20
9 - CHECKING,05/07/2011,Purchase CHK PUR: LK872183 18TIFFANY S PIZZA C O TIFFANY S PIZZA CO LAMBERTVILLEMIA MI Card: ****0544 05/06/2011,-13.76,0.00,1392.99
9 - CHECKING,05/06/2011,Purchase CHK PUR: 97601105 14MEIJER INC 118 15 00 E ALEXIS RD TOLEDO OH1 OH Card: ****9706 05/06/2011,-60.88,0.00,1406.75
9 - CHECKING,05/06/2011,Purchase CHK PUR: KCO86404 06KROGER 3462 W STE RNS RD LAMBERTVILLEMI0 MI Card: ****9706 05/06/2011,-33.69,0.00,1467.63
9 - CHECKING,05/06/2011,Purchase CHK PUR: SP124205 14FOOD TOWN 1242 73 75 SECOR ROAD LAMBERTVILLEMI0 MI Card: ****9706 05/06/2011,-23.05,0.00,1501.32
9 - CHECKING,05/06/2011,Purchase CHK PUR: KCO86481 06KROGER 3462 W STE RNS RD LAMBERTVILLEMI0 MI Card: ****0544 05/06/2011,-10.35,0.00,1524.37
9 - CHECKING,05/06/2011,Withdrawal CHK WD: XU0488 11TOLEDO FIRE 2800 W LASKEY RD TOLEDO OH0 OH Card: ****9706 05/06/2011,-10.00,0.00,1534.72
9 - CHECKING,05/06/2011,Deposit ,50.00,0.00,1544.72
9 - CHECKING,05/06/2011,Withdrawal SALLIE MAE SLMA DEBIT EFT TRANSACTION,-57.92,0.00,1494.72
9 - CHECKING,05/05/2011,Withdrawal ,-120.00,0.00,1552.64
9 - CHECKING,05/05/2011,Withdrawal CITY OF TOL 9690 TOLEDO DPU EFT TRANSACTION,-95.07,0.00,1672.64
9 - CHECKING,05/03/2011,Withdrawal LARSENBILLINGSER AUTOPAY EFT TRANSACTION,-200.00,0.00,1767.71
9 - CHECKING,05/03/2011,Withdrawal CHASE EPAY EFT TRANSACTION,-700.73,0.00,1967.71
9 - CHECKING,05/01/2011,Purchase CHK PUR: KCO86484 06KROGER 3462 W STE RNS RD LAMBERTVILLEMI0 MI Card: ****0544 05/01/2011,-10.00,0.00,2668.44
9 - CHECKING,04/30/2011,Annual Percentage Yield Earned: 0.10% 01Apr11 - 30Apr11,0.00,0.00,2678.44
9 - CHECKING,04/30/2011,Deposit Dividend,0.17,0.00,2678.44
9 - CHECKING,04/30/2011,Purchase CHK PUR: KC686400 06KROGER 7405 SECOR RD LAMBERTVILLEMI8 MI Card: ****0544 04/30/2011,-59.86,0.00,2678.27
9 - CHECKING,04/30/2011,Purchase CHK PUR: 99999999 22TOLEDO ZOOLOGICAL SOCI TOLEDO ZOOLOGICAL 419 385 5721OHN OH Card: ****0544 04/29/2011,-60.35,0.00,2738.13
9 - CHECKING,04/29/2011,Purchase CHK PUR: KCO51109 06KROGER 4925 JACKM AN RD TOLEDO OH0 OH Card: ****9706 04/29/2011,-44.17,0.00,2798.48
9 - CHECKING,04/29/2011,Purchase CHK PUR: 82201404 14MEIJER INC 118 15 00 E ALEXIS RD TOLEDO OH1 OH Card: ****9706 04/29/2011,-53.09,0.00,2842.65
9 - CHECKING,04/29/2011,Purchase CHK PUR: 003LUV06 14STATE PETRO IN 36 50 S STATE ST ANN ARBOR MI9 MI Card: ****0544 04/29/2011,-40.05,0.00,2895.74
9 - CHECKING,04/29/2011,Deposit SYSTEMS IN MOTIO PAYROLL EFT TRANSACTION,2000.67,0.00,2935.79
9 - CHECKING,04/28/2011,Purchase CHK RETURN: 99999999 10APL ITUNES APL IT 866 712 7753CA9 CA Card: ****0544 04/28/2011,11.95,0.00,935.12
9 - CHECKING,04/28/2011,Purchase CHK PUR: 00182236 09TOYS R US 1360 HO LLAND SYLVA TOLEDO OH0 OH Card: ****9706 04/28/2011,-71.37,0.00,923.17
9 - CHECKING,04/27/2011,Purchase CHK PUR: 99999999 10APL ITUNES APL IT 866 712 7753CAZ CA Card: ****0544 04/27/2011,-11.95,0.00,994.54
9 - CHECKING,04/27/2011,Purchase CHK PUR: 00350001 10OFFICE MAX 5221 M ONROE STREET TOLEDO OH0 OH Card: ****0544 04/27/2011,-61.37,0.00,1006.49
9 - CHECKING,04/27/2011,Purchase CHK PUR: 06230077 22TARGET T0623 TOLE DO NW 5225 Monroe Stree TOLEDO OH0 OH Card: ****0544 04/27/2011,-35.85,0.00,1067.86
9 - CHECKING,04/26/2011,Purchase CHK PUR: KCO86484 06KROGER 3462 W STE RNS RD LAMBERTVILLEMI0 MI Card: ****0544 04/26/2011,-4.21,0.00,1103.71
9 - CHECKING,04/26/2011,Purchase CHK PUR: 99999999 16MCDONALD S F7010 ANN ARBOR MIM MI Card: ****0544 04/25/2011,-3.58,0.00,1107.92
9 - CHECKING,04/25/2011,Purchase CHK PUR: 0010 10IHOP 5456 IHOP TOLEDO OHX OH Card: ****0544 04/20/2011,-28.56,0.00,1111.50
9 - CHECKING,04/25/2011,Withdrawal AES STDNT LOAN EFT TRANSACTION,-52.47,0.00,1140.06
9 - CHECKING,04/25/2011,Purchase CHK PUR: KCO86485 06KROGER 3462 W STE RNS RD LAMBERTVILLEMI0 MI Card: ****0544 04/25/2011,-3.59,0.00,1192.53
9 - CHECKING,04/25/2011,Purchase CHK PUR: KC686400 06KROGER 7405 SECOR RD LAMBERTVILLEMI8 MI Card: ****0544 04/25/2011,-37.86,0.00,1196.12
9 - CHECKING,04/25/2011,Purchase CHK PUR: 99999999 10APL ITUNES APL IT 866 712 7753CAL CA Card: ****0544 04/23/2011,-1.05,0.00,1233.98
9 - CHECKING,04/24/2011,Purchase CHK PUR: 001 12LOWE S 1659 1136 WEST ALEXIS R TOLEDO OH0 OH Card: ****0544 04/24/2011,-8.18,0.00,1235.03
9 - CHECKING,04/23/2011,Purchase CHK PUR: 17570300 13AUTOZONE 1757 223 6 W ALEXIS R TOLEDO OH9 OH Card: ****0544 04/23/2011,-19.20,0.00,1243.21
9 - CHECKING,04/23/2011,Purchase CHK PUR: KCO81085 06KROGER 833 ALEXIS RD TOLEDO OH0 OH Card: ****0544 04/23/2011,-3.57,0.00,1262.41
9 - CHECKING,04/23/2011,Purchase CHK PUR: 00000006 14MENARDS TOLE ME NARDS - TOLEDO N TOLEDO OH 4OH5 OH Card: ****0544 04/23/2011,-90.07,0.00,1265.98
9 - CHECKING,04/23/2011,Purchase CHK PUR: 99999999 16MCDONALD S F7010 ANN ARBOR MIZ MI Card: ****0544 04/22/2011,-6.12,0.00,1356.05
9 - CHECKING,04/23/2011,Purchase CHK PUR: KC681000 06KROGER 841 W ALE XIS TOLEDO OH1 OH Card: ****0544 04/23/2011,-38.18,0.00,1362.17
9 - CHECKING,04/23/2011,Purchase CHK PUR: LK872183 18TIFFANY S PIZZA C O TIFFANY S PIZZA CO LAMBERTVILLEMIX MI Card: ****0544 04/22/2011,-15.08,0.00,1400.35
9 - CHECKING,04/23/2011,Purchase CHK PUR: 99999999 19MCDONALD S M7335 OF MCDONALD S M7335 O LAMBERTVILLEMIO MI Card: ****9706 04/21/2011,-8.97,0.00,1415.43
9 - CHECKING,04/22/2011,Purchase CHK PUR: 06220078 22TARGET T0622 TOLE DO NE 817 West Alexis R TOLEDO OH0 OH Card: ****9706 04/22/2011,-12.28,0.00,1424.40
9 - CHECKING,04/22/2011,Purchase CHK PUR: 99999999 16MCDONALD S F3949 DUNDEE MIR MI Card: ****0544 04/21/2011,-2.33,0.00,1436.68
9 - CHECKING,04/22/2011,Purchase CHK PUR: KCO86481 06KROGER 3462 W STE RNS RD LAMBERTVILLEMI0 MI Card: ****0544 04/22/2011,-22.80,0.00,1439.01
9 - CHECKING,04/21/2011,Purchase CHK PUR: 99999999 10VIVINT RBS VIVINT PROVO UTI UT Card: ****0544 04/20/2011,-39.99,0.00,1461.81
9 - CHECKING,04/21/2011,Purchase CHK PUR: 68301504 14MEIJER INC 118 15 00 E ALEXIS RD TOLEDO OH1 OH Card: ****9706 04/21/2011,-119.45,0.00,1501.80
9 - CHECKING,04/21/2011,Withdrawal STATE FARM RO 08 SFPP EFT TRANSACTION,-182.22,0.00,1621.25
9 - CHECKING,04/21/2011,Withdrawal BP SOUTH CENTRAL BILL PMT EFT TRANSACTION,-104.38,0.00,1803.47
9 - CHECKING,04/20/2011,Purchase CHK PUR: KCO86408 06KROGER 3462 W STE RNS RD LAMBERTVILLEMI0 MI Card: ****0544 04/20/2011,-23.29,0.00,1907.85
9 - CHECKING,04/20/2011,Withdrawal Check # 1578 Trace: 91960526,-200.00,0.00,1931.14
9 - CHECKING,04/20/2011,Purchase CHK PUR: KC686400 06KROGER 7405 SECOR RD LAMBERTVILLEMI8 MI Card: ****0544 04/20/2011,-34.29,0.00,2131.14
9 - CHECKING,04/19/2011,Purchase CHK PUR: 0059 18ATTM 18800614571 7 ATTM 188006145717 08003310500 TXP TX Card: ****0544 04/18/2011,-152.73,0.00,2165.43
9 - CHECKING,04/19/2011,Withdrawal CONSUMERS ENERGY ENERGYBILL EFT TRANSACTION,-179.00,0.00,2318.16
9 - CHECKING,04/19/2011,Beginning Balance,0.00,0.00,2497.16
